@article{aasExplainingIndividualPredictions2021,
  title = {Explaining Individual Predictions When Features Are Dependent: More Accurate Approximations to Shapley Values},
  author = {Aas, Kjersti and Jullum, Martin and Løland, Anders},
  year = {2021},
  journal = {Artificial Intelligence},
  volume = {298},
  doi = {10.1016/j.artint.2021.103502},
  urldate = {2023-03-26}
}

@incollection{abeDeepLearningForecasting2018,
  title = {Deep Learning for Forecasting Stock Returns in the Cross-Section},
  booktitle = {Advances in {{Knowledge Discovery}} and {{Data Mining}}},
  author = {Abe, Masaya and Nakayama, Hideki},
  editor = {Phung, Dinh and Tseng, Vincent S. and Webb, Geoffrey I. and Ho, Bao and Ganji, Mohadeseh and Rashidi, Lida},
  year = {2018},
  volume = {10937},
  publisher = {{Springer International Publishing}},
  address = {{Cham}},
  doi = {10.1007/978-3-319-93034-3_22},
  urldate = {2021-10-26}
}

@misc{abnarQuantifyingAttentionFlow2020,
  title = {Quantifying Attention Flow in Transformers},
  author = {Abnar, Samira and Zuidema, Willem},
  year = {2020},
  number = {arXiv:2005.00928},
  eprint = {2005.00928},
  publisher = {{arXiv}},
  archiveprefix = {arxiv}
}

@misc{adaloglouHowPositionalEmbeddings2021,
  title = {How Positional Embeddings Work in Self-Attention (Code in Pytorch)},
  author = {Adaloglou, Nikolas},
  year = {2021},
  journal = {AI Summer},
  urldate = {2021-12-16},
  howpublished = {https://theaisummer.com/positional-embeddings/}
}

@misc{agarapImplementingAutoencoderPyTorch2020,
  title = {Implementing an Autoencoder in {{PyTorch}}},
  author = {Agarap, Abien Fred},
  year = {2020},
  journal = {PyTorch},
  urldate = {2021-11-03}
}

@book{aggarwalRecommenderSystems2016,
  title = {Recommender Systems},
  author = {Aggarwal, Charu C.},
  year = {2016},
  publisher = {{Springer International Publishing}},
  address = {{Cham}},
  doi = {10.1007/978-3-319-29659-3},
  urldate = {2021-04-20}
}

@article{Aït-Sahalia_2009,
  title = {Estimating the Degree of Activity of Jumps in High Frequency Data},
  author = {{Aït-Sahalia}, Yacine and Jacod, Jean},
  year = {2009},
  journal = {Annals of Statistics},
  doi = {10.1214/08-aos640},
  mag_id = {3106171293},
  pmcid = {null},
  pmid = {null}
}

@article{Aitken_1996,
  title = {The Accuracy of the Tick Test : Evidence from the Australian Stock Exchange},
  author = {Aitken, Michael J. and Frino, Alex},
  year = {1996},
  journal = {Journal of Banking and Finance},
  doi = {10.1016/s0378-4266(96)00008-8},
  mag_id = {2015189325},
  pmcid = {null},
  pmid = {null}
}

@article{aitkenIntradayAnalysisProbability1995,
  title = {An Intraday Analysis of the Probability of Trading on the Asx at the Asking Price},
  author = {Aitken, Michael and Kua, Amaryllis and Brown, Philip and Watter, Terry and Y. Izan, H.},
  year = {1995},
  journal = {Australian Journal of Management},
  volume = {20},
  number = {2},
  doi = {10.1177/031289629502000202}
}

@inproceedings{akibaOptunaNextgenerationHyperparameter2019,
  title = {Optuna: A next-Generation Hyperparameter Optimization Framework},
  booktitle = {Proceedings of the 25th {{ACM SIGKDD International Conference}} on {{Knowledge Discovery}} \& {{Data Mining}}},
  author = {Akiba, Takuya and Sano, Shotaro and Yanase, Toshihiko and Ohta, Takeru and Koyama, Masanori},
  year = {2019},
  series = {{{KDD}} '19},
  publisher = {{Association for Computing Machinery}},
  address = {{Anchorage, AK}},
  doi = {10.1145/3292500.3330701}
}

@article{aktasTradeClassificationAccuracy2014,
  title = {Trade Classification Accuracy for the Bist},
  author = {Aktas, Osman Ulas and Kryzanowski, Lawrence},
  year = {2014},
  journal = {Journal of International Financial Markets, Institutions and Money},
  volume = {33},
  doi = {10.1016/j.intfin.2014.08.003}
}

@article{amel-zadehMachineLearningBasedFinancial2020,
  title = {Machine Learning-Based Financial Statement Analysis},
  author = {{Amel-Zadeh}, Amir and Calliess, Jan-Peter and Kaiser, Daniel and Roberts, Stephen},
  year = {2020},
  journal = {SSRN Electronic Journal},
  doi = {10.2139/ssrn.3520684},
  urldate = {2021-11-03}
}

@misc{aminiSelfTrainingSurvey2023,
  title = {Self-Training: A Survey},
  author = {Amini, Massih-Reza and Feofanov, Vasilii and Pauletto, Loic and Devijver, Emilie and Maximov, Yury},
  year = {2023},
  number = {arXiv:2202.12040},
  eprint = {2202.12040},
  publisher = {{arXiv}},
  urldate = {2023-03-26},
  archiveprefix = {arxiv}
}

@article{antoniouLognormalDistributionStock2004,
  title = {On the Log-Normal Distribution of Stock Market Data},
  author = {Antoniou, I and Ivanov, Vi.V and Ivanov, Va.V and Zrelov, P.V},
  year = {2004},
  journal = {Physica A: Statistical Mechanics and its Applications},
  volume = {331},
  number = {3-4},
  doi = {10.1016/j.physa.2003.09.034},
  urldate = {2022-12-03}
}

@misc{arikTabnetAttentiveInterpretable2020,
  title = {Tabnet: Attentive Interpretable Tabular Learning},
  author = {Arik, Sercan O. and Pfister, Tomas},
  year = {2020},
  number = {arXiv:1908.07442},
  eprint = {1908.07442},
  publisher = {{arXiv}},
  urldate = {2022-10-03},
  archiveprefix = {arxiv}
}

@article{arpitWhyRegularizedAutoEncoders2016,
  title = {Why Regularized Auto-Encoders Learn Sparse Representation?},
  author = {Arpit, Devansh and Zhou, Yingbo and Ngo, Hung and Govindaraju, Venu},
  year = {2016},
  journal = {arXiv:1505.05561 [cs, stat]},
  eprint = {1505.05561},
  urldate = {2021-11-15},
  archiveprefix = {arxiv}
}

@article{Asquith_2010,
  title = {Short Sales and Trade Classification Algorithms},
  author = {Asquith, Paul and Oman, Rebecca and Safaya, Christopher},
  year = {2010},
  journal = {Journal of Financial Markets},
  doi = {10.2139/ssrn.951420},
  mag_id = {2052362834},
  pmcid = {null},
  pmid = {null}
}

@article{auGroupedFeatureImportance2022,
  title = {Grouped Feature Importance and Combined Features Effect Plot},
  author = {Au, Quay and Herbinger, Julia and Stachl, Clemens and Bischl, Bernd and Casalicchio, Giuseppe},
  year = {2022},
  journal = {Data Mining and Knowledge Discovery},
  volume = {36},
  number = {4},
  doi = {10.1007/s10618-022-00840-5},
  urldate = {2023-05-22}
}

@article{averyRecommenderSystemsEvaluating1997,
  title = {Recommender Systems for Evaluating Computer Messages},
  author = {Avery, Christopher and Zeckhauser, Richard},
  year = {1997},
  journal = {Communications of the ACM},
  volume = {40},
  number = {3},
  doi = {10.1145/245108.245127},
  urldate = {2021-03-21}
}

@article{badaroTransformersTabularData,
  title = {Transformers for Tabular Data Representation: A Survey of Models and Applications},
  author = {Badaro, Gilbert and Saeed, Mohammed and Papotti, Paolo}
}

@misc{bahdanauNeuralMachineTranslation2016,
  title = {Neural Machine Translation by Jointly Learning to Align and Translate},
  author = {Bahdanau, Dzmitry and Cho, Kyunghyun and Bengio, Yoshua},
  year = {2016},
  number = {arXiv:1409.0473},
  eprint = {1409.0473},
  publisher = {{arXiv}},
  urldate = {2023-01-30},
  archiveprefix = {arxiv}
}

@misc{bahriSCARFSelfsupervisedContrastive2022,
  title = {{{SCARF}}: Self-Supervised Contrastive Learning Using Random Feature Corruption},
  author = {Bahri, Dara and Jiang, Heinrich and Tay, Yi and Metzler, Donald},
  year = {2022},
  number = {arXiv:2106.15147},
  eprint = {2106.15147},
  publisher = {{arXiv}},
  archiveprefix = {arxiv}
}

@article{baLayerNormalization2016,
  title = {Layer Normalization},
  author = {Ba, Jimmy Lei and Kiros, Jamie Ryan and Hinton, Geoffrey E.},
  year = {2016},
  journal = {arXiv:1607.06450},
  eprint = {1607.06450},
  urldate = {2021-12-28},
  archiveprefix = {arxiv}
}

@book{banachewiczKaggleBookData2022,
  title = {The Kaggle Book: Data Analysis and Machine Learning for Competitive Data Science},
  author = {Banachewicz, Konrad and Massaron, Luca},
  year = {2022},
  edition = {[First edition]},
  publisher = {{Packt Publishing}},
  address = {{Birmingham}}
}

@article{baptistaRelationPrognosticsPredictor2022,
  title = {Relation between Prognostics Predictor Evaluation Metrics and Local Interpretability Shap Values},
  author = {Baptista, Marcia L. and Goebel, Kai and Henriques, Elsa M.P.},
  year = {2022},
  journal = {Artificial Intelligence},
  volume = {306},
  doi = {10.1016/j.artint.2022.103667}
}

@article{Barndorff-Nielsen_2005,
  title = {Econometrics of Testing for Jumps in Financial Economics Using Bipower Variation},
  author = {{Barndorff-Nielsen}, Ole E. and Shephard, Neil},
  year = {2005},
  journal = {Journal of Financial Econometrics},
  doi = {10.1093/jjfinec/nbi022},
  mag_id = {2136215272},
  pmcid = {null},
  pmid = {null}
}

@article{barredoarrietaExplainableArtificialIntelligence2020,
  title = {Explainable Artificial Intelligence ({{XAI}}): Concepts, Taxonomies, Opportunities and Challenges toward Responsible {{AI}}},
  author = {Barredo Arrieta, Alejandro and {Díaz-Rodríguez}, Natalia and Del Ser, Javier and Bennetot, Adrien and Tabik, Siham and Barbado, Alberto and Garcia, Salvador and {Gil-Lopez}, Sergio and Molina, Daniel and Benjamins, Richard and Chatila, Raja and Herrera, Francisco},
  year = {2020},
  journal = {Information Fusion},
  volume = {58},
  doi = {10.1016/j.inffus.2019.12.012},
  urldate = {2023-04-08}
}

@article{basakPredictingDirectionStock2019,
  title = {Predicting the Direction of Stock Market Prices Using Tree-Based Classifiers},
  author = {Basak, Suryoday and Kar, Saibal and Saha, Snehanshu and Khaidem, Luckyson and Dey, Sudeepa Roy},
  year = {2019},
  journal = {The North American Journal of Economics and Finance},
  volume = {47},
  doi = {10.1016/j.najef.2018.06.013}
}

@inproceedings{bastingsElephantInterpretabilityRoom2020,
  title = {The Elephant in the Interpretability Room: Why Use Attention as Explanation When We Have Saliency Methods?},
  booktitle = {Proceedings of the {{Third BlackboxNLP Workshop}} on {{Analyzing}} and {{Interpreting Neural Networks}} for {{NLP}}},
  author = {Bastings, Jasmijn and Filippova, Katja},
  year = {2020},
  publisher = {{Association for Computational Linguistics}},
  address = {{Online}},
  doi = {10.18653/v1/2020.blackboxnlp-1.14},
  urldate = {2023-01-07}
}

@misc{batesCrossvalidationWhatDoes2022,
  title = {Cross-Validation: What Does It Estimate and How Well Does It Do It?},
  author = {Bates, Stephen and Hastie, Trevor and Tibshirani, Robert},
  year = {2022},
  number = {arXiv:2104.00673},
  eprint = {2104.00673},
  publisher = {{arXiv}},
  urldate = {2022-10-05},
  archiveprefix = {arxiv}
}

@article{Battalio_2006,
  title = {Options and the Bubble},
  author = {Battalio, Robert H. and Schultz, Paul H.},
  year = {2006},
  journal = {Journal of Finance},
  doi = {10.2139/ssrn.558543},
  mag_id = {1984118538},
  pmcid = {null},
  pmid = {null}
}

@article{bengioNeuralProbabilisticLanguage,
  title = {A Neural Probabilistic Language Model},
  author = {Bengio, Yoshua and Ducharme, Réjean and Vincent, Pascal and Jauvin, Christian},
  year = {2003}
}

@incollection{bengioPracticalRecommendationsGradientBased2012,
  title = {Practical Recommendations for Gradient-Based Training of Deep Architectures},
  booktitle = {Neural {{Networks}}: {{Tricks}} of the {{Trade}}: {{Second Edition}}},
  author = {Bengio, Yoshua},
  editor = {Montavon, Grégoire and Orr, Geneviève B. and Müller, Klaus-Robert},
  year = {2012},
  series = {Lecture {{Notes}} in {{Computer Science}}},
  publisher = {{Springer}},
  address = {{Berlin, Heidelberg}},
  doi = {10.1007/978-3-642-35289-8_26},
  urldate = {2022-10-25}
}

@inproceedings{bennettExploitingUnlabeledData2002,
  title = {Exploiting Unlabeled Data in Ensemble Methods},
  booktitle = {Proceedings of the Eighth {{ACM SIGKDD}} International Conference on {{Knowledge}} Discovery and Data Mining},
  author = {Bennett, Kristin P. and Demiriz, Ayhan and Maclin, Richard},
  year = {2002},
  publisher = {{ACM}},
  address = {{Edmonton Alberta Canada}},
  doi = {10.1145/775047.775090},
  urldate = {2023-04-23}
}

@article{berkmanLargeOptionTrades1996,
  title = {Large {{Option Trades}}, {{Market Makers}}, and {{Limit Orders}}},
  author = {Berkman, Henk},
  year = {1996},
  journal = {The Review of Financial Studies},
  volume = {9},
  number = {3},
  eprint = {2962317},
  eprinttype = {jstor},
  publisher = {{[Oxford University Press, Society for Financial Studies]}},
  doi = {10.1093/rfs/9.3.977},
  urldate = {2023-05-18}
}

@article{bessembinderBidAskSpreadsMeasuring,
  title = {Bid-Ask Spreads: Measuring Trade Execution Costs in Financial Markets},
  author = {Bessembinder, Hendrik}
}

@article{bessembinderIssuesAssessingTrade2003,
  title = {Issues in Assessing Trade Execution Costs},
  author = {Bessembinder, Hendrik},
  year = {2003},
  journal = {Journal of Financial Markets},
  volume = {6},
  number = {3},
  doi = {10.1016/S1386-4181(02)00064-2}
}

@book{bishopPatternRecognitionMachine2006,
  title = {Pattern Recognition and Machine Learning},
  author = {Bishop, Christopher M.},
  year = {2006},
  series = {Information Science and Statistics},
  publisher = {{Springer}},
  address = {{New York}}
}

@article{Black_1975,
  title = {Fact and Fantasy in the Use of Options},
  author = {Black, Fischer},
  year = {1975},
  journal = {Financial Analysts Journal},
  doi = {10.2469/faj.v31.n4.36},
  mag_id = {1816654404},
  pmcid = {null},
  pmid = {null}
}

@article{blackPricingOptionsCorporate1973,
  title = {The Pricing of Options and Corporate Liabilities},
  author = {Black, Fischer and Scholes, Myron},
  year = {1973},
  journal = {The Journal of Political Economy},
  volume = {81},
  number = {3},
  eprint = {1831029},
  eprinttype = {jstor},
  doi = {10.1086/260062}
}

@article{blazejewskiLocalNonParametricModel2005,
  title = {A Local Non-Parametric Model for Trade Sign Inference},
  author = {Blazejewski, Adam and Coggins, Richard},
  year = {2005},
  journal = {Physica A: Statistical Mechanics and its Applications},
  volume = {348},
  doi = {10.1016/j.physa.2004.09.033}
}

@article{Bloomfield_1999,
  title = {Market Transparency: Who Wins and Who Loses?},
  author = {Bloomfield, Robert J. and O'Hara, Maureen},
  year = {1999},
  journal = {Review of Financial Studies},
  doi = {10.1093/rfs/12.1.5},
  mag_id = {2022730840},
  pmcid = {null},
  pmid = {null}
}

@misc{boardofgovernorsofthefederalreservesystemus1YearTreasuryBill1959,
  title = {1-Year Treasury Bill Secondary Market Rate},
  author = {{Board of Governors of the Federal Reserve System (US)}},
  year = {1959},
  journal = {FRED, Federal Reserve Bank of St. Louis},
  publisher = {{FRED, Federal Reserve Bank of St. Louis}},
  urldate = {2021-10-31},
  howpublished = {https://fred.stlouisfed.org/series/DTB1YR}
}

@article{Boehmer_2007,
  title = {Estimating the Probability of Informed Trading - Does Trade Misclassification Matter?},
  author = {Boehmer, Ekkehart and Grammig, Joachim and Theissen, Erik},
  year = {2007},
  journal = {Journal of Financial Markets},
  doi = {10.1016/j.finmar.2006.07.002},
  mag_id = {2132988645},
  pmcid = {null},
  pmid = {null}
}

@misc{bojanowskiEnrichingWordVectors2017,
  title = {Enriching Word Vectors with Subword Information},
  author = {Bojanowski, Piotr and Grave, Edouard and Joulin, Armand and Mikolov, Tomas},
  year = {2017},
  number = {arXiv:1607.04606},
  eprint = {1607.04606},
  publisher = {{arXiv}},
  urldate = {2023-01-28},
  archiveprefix = {arxiv}
}

@article{bojerLearningsKaggleForecasting,
  title = {Learnings from Kaggle’s Forecasting Competitions},
  author = {Bojer, Casper Solheim and Meldgaard, Jens Peder}
}

@misc{boleyBetterShortGreedy2021,
  title = {Better Short than Greedy: Interpretable Models through Optimal Rule Boosting},
  author = {Boley, Mario and Teshuva, Simon and Bodic, Pierre Le and Webb, Geoffrey I.},
  year = {2021},
  number = {arXiv:2101.08380},
  eprint = {2101.08380},
  publisher = {{arXiv}},
  urldate = {2023-02-27},
  archiveprefix = {arxiv}
}

@misc{borisovDeepNeuralNetworks2022,
  title = {Deep Neural Networks and Tabular Data: A Survey},
  author = {Borisov, Vadim and Leemann, Tobias and Seßler, Kathrin and Haug, Johannes and Pawelczyk, Martin and Kasneci, Gjergji},
  year = {2022},
  number = {arXiv:2110.01889},
  eprint = {2110.01889},
  publisher = {{arXiv}},
  urldate = {2022-10-04},
  archiveprefix = {arxiv}
}

@article{boweNewClassicalBayesian,
  title = {New Classical and Bayesian Estimators for Classifying Trade Direction in the Absence of Quotes},
  author = {Bowe, Michael and Cho, Sungjun and Hyde, Stuart and Sung, Iljin},
  year = {2018}
}

@article{boxAnalysisTransformations2022,
  title = {An Analysis of Transformations},
  author = {Box, G E P and Cox, D R},
  year = {1964},
  journal = {Journal of the Royal Statistical Society},
  series = {Series {{B}} ({{Methodological}})},
  volume = {26},
  number = {2}
}

@article{breedenPricesStateContingentClaims1978,
  title = {Prices of State-Contingent Claims Implicit in Option Prices},
  author = {Breeden, Douglas T. and Litzenberger, Robert H.},
  year = {1978},
  journal = {The Journal of Business},
  volume = {51},
  number = {4},
  doi = {10.1086/296025}
}

@article{breimanBaggingPredictors1996,
  title = {Bagging Predictors},
  author = {Breiman, Leo},
  year = {1996},
  journal = {Machine Learning},
  volume = {24},
  number = {2},
  doi = {10.1007/BF00058655},
  urldate = {2021-07-13}
}

@book{breimanClassificationRegressionTrees2017,
  title = {Classification and Regression Trees},
  author = {Breiman, Leo and Friedman, Jerome H. and Olshen, Richard A. and Stone, Charles J.},
  year = {1984},
  edition = {First},
  publisher = {{CLC Press}},
  address = {{Boca Raton, FL}}
}

@article{breimanRandomForests2001,
  title = {Random Forests},
  author = {Breiman, Leo},
  year = {2001},
  journal = {Machine Learning},
  volume = {45},
  number = {1},
  doi = {10.1023/A:1010933404324}
}

@misc{breuelEffectsHyperparametersSGD2015,
  title = {The Effects of Hyperparameters on {{SGD}} Training of Neural Networks},
  author = {Breuel, Thomas M.},
  year = {2015},
  number = {arXiv:1508.02788},
  eprint = {1508.02788},
  publisher = {{arXiv}},
  urldate = {2022-10-25},
  archiveprefix = {arxiv}
}

@book{bringhurstElementsTypographicStyle2004,
  title = {The Elements of Typographic Style},
  author = {Bringhurst, Robert},
  year = {2004},
  edition = {3rd ed},
  publisher = {{Hartley \& Marks, Publishers}},
  address = {{Point Roberts, WA}}
}

@misc{brownLanguageModelsAre2020,
  title = {Language Models Are Few-Shot Learners},
  author = {Brown, Tom B. and Mann, Benjamin and Ryder, Nick and Subbiah, Melanie and Kaplan, Jared and Dhariwal, Prafulla and Neelakantan, Arvind and Shyam, Pranav and Sastry, Girish and Askell, Amanda and Agarwal, Sandhini and {Herbert-Voss}, Ariel and Krueger, Gretchen and Henighan, Tom and Child, Rewon and Ramesh, Aditya and Ziegler, Daniel M. and Wu, Jeffrey and Winter, Clemens and Hesse, Christopher and Chen, Mark and Sigler, Eric and Litwin, Mateusz and Gray, Scott and Chess, Benjamin and Clark, Jack and Berner, Christopher and McCandlish, Sam and Radford, Alec and Sutskever, Ilya and Amodei, Dario},
  year = {2020},
  number = {arXiv:2005.14165},
  eprint = {2005.14165},
  publisher = {{arXiv}},
  urldate = {2023-01-09},
  archiveprefix = {arxiv}
}

@article{burkeHybridRecommenderSystems2002,
  title = {Hybrid Recommender Systems: Survey and Experiments†},
  author = {Burke, Robin},
  year = {2002},
  journal = {User Modeling and User-Adapted Interaction},
  volume = {12},
  number = {4},
  doi = {10.1023/A:1021240730564},
  urldate = {2021-05-06}
}

@article{busariCrudeOilPrice2021,
  title = {Crude Oil Price Prediction: A Comparison between {{AdaBoost-LSTM}} and {{AdaBoost-GRU}} for Improving Forecasting Performance},
  author = {Busari, Ganiyu Adewale and Lim, Dong Hoon},
  year = {2021},
  journal = {Computers \& Chemical Engineering},
  volume = {155},
  doi = {10.1016/j.compchemeng.2021.107513},
  urldate = {2022-07-12}
}

@misc{carionEndtoendObjectDetection2020,
  title = {End-to-End Object Detection with Transformers},
  author = {Carion, Nicolas and Massa, Francisco and Synnaeve, Gabriel and Usunier, Nicolas and Kirillov, Alexander and Zagoruyko, Sergey},
  year = {2020},
  number = {arXiv:2005.12872},
  eprint = {2005.12872},
  publisher = {{arXiv}},
  urldate = {2023-01-18},
  archiveprefix = {arxiv}
}

@article{carrionTradeSigningFast2020,
  title = {Trade Signing in Fast Markets},
  author = {Carrion, Allen and Kolay, Madhuparna},
  year = {2020},
  journal = {Financial Review},
  volume = {55},
  number = {3},
  doi = {10.1111/fire.12218}
}

@misc{caruanaObtainingCalibratedProbabilities,
  title = {Obtaining Calibrated Probabilities from Boosting},
  author = {Caruana, Alexandru Niculescu-Mizil Rich}
}

@article{carvalhoMachineLearningInterpretability2019,
  title = {Machine Learning Interpretability: A Survey on Methods and Metrics},
  author = {Carvalho, Diogo V. and Pereira, Eduardo M. and Cardoso, Jaime S.},
  year = {2019},
  journal = {Electronics},
  volume = {8},
  number = {8},
  doi = {10.3390/electronics8080832},
  urldate = {2023-04-08}
}

@article{cerdaEncodingHighcardinalityString2022,
  title = {Encoding High-Cardinality String Categorical Variables},
  author = {Cerda, Patricio and Varoquaux, Gaël},
  year = {2022},
  journal = {IEEE Transactions on Knowledge and Data Engineering},
  volume = {34},
  number = {3},
  eprint = {1907.01860},
  doi = {10.1109/TKDE.2020.2992529},
  urldate = {2023-01-28},
  archiveprefix = {arxiv}
}

@article{chakrabartyEvaluatingTradeClassification2015,
  title = {Evaluating Trade Classification Algorithms: Bulk Volume Classification versus the Tick Rule and the Lee-Ready Algorithm},
  author = {Chakrabarty, Bidisha and Pascual, Roberto and Shkilko, Andriy},
  year = {2015},
  journal = {Journal of Financial Markets},
  volume = {25},
  doi = {10.1016/j.finmar.2015.06.001}
}

@article{chakrabartyTradeClassificationAlgorithms2007,
  title = {Trade Classification Algorithms for Electronic Communications Network Trades},
  author = {Chakrabarty, Bidisha and Li, Bingguang and Nguyen, Vanthuan and Van Ness, Robert A.},
  year = {2007},
  journal = {Journal of Banking \& Finance},
  volume = {31},
  number = {12},
  doi = {10.1016/j.jbankfin.2007.03.003}
}

@article{chakrabartyTradeClassificationAlgorithms2012,
  title = {Trade Classification Algorithms: A Horse Race between the Bulk-Based and the Tick-Based Rules},
  author = {Chakrabarty, Bidisha and Pascual, Roberto and Shkilko, Andriy},
  year = {2012},
  journal = {SSRN Electronic Journal},
  doi = {10.2139/ssrn.2182819}
}

@article{chakravartyInformedTradingStock2004,
  title = {Informed {{Trading}} in {{Stock}} and {{Option Markets}}},
  author = {Chakravarty, Sugato and Gulen, Huseyin and Mayhew, Stewart},
  year = {2004},
  journal = {The Journal of Finance},
  volume = {59},
  number = {3},
  doi = {10.1111/j.1540-6261.2004.00661.x},
  urldate = {2023-06-02}
}

@article{Chan_1995,
  title = {The Behavior of Stock Prices around Institutional Trades},
  author = {Chan, Louis K.C. and Lakonishok, Josef},
  year = {1995},
  journal = {Journal of Finance},
  doi = {10.1111/j.1540-6261.1995.tb04053.x},
  mag_id = {1992426919},
  pmcid = {null},
  pmid = {null}
}

@article{Chan_2002,
  title = {The Informational Role of Stock and Option Volume},
  author = {Chan, Kalok and Chung, Y. Peter and Fong, Wai-Ming},
  year = {2002},
  journal = {Review of Financial Studies},
  doi = {10.2139/ssrn.170356},
  mag_id = {2158240268},
  pmcid = {null},
  pmid = {null}
}

@article{chanAlgorithmicTrading,
  title = {Algorithmic Trading},
  author = {Chan, Ernie},
  doi = {10.1002/9781118676998}
}

@misc{chanTransformersGeneralizeDifferently2022,
  title = {Transformers Generalize Differently from Information Stored in Context vs in Weights},
  author = {Chan, Stephanie C. Y. and Dasgupta, Ishita and Kim, Junkyung and Kumaran, Dharshan and Lampinen, Andrew K. and Hill, Felix},
  year = {2022},
  number = {arXiv:2210.05675},
  eprint = {2210.05675},
  publisher = {{arXiv}},
  urldate = {2022-10-18},
  archiveprefix = {arxiv}
}

@inproceedings{chapelleSemiSupervisedClassificationLow2005,
  title = {Semi-Supervised Classification by Low Density Separation},
  booktitle = {Proceedings of the {{Tenth International Workshop}} on {{Artificial Intelligence}} and {{Statistics}}},
  author = {Chapelle, Olivier and Zien, Alexander},
  year = {2005}
}

@book{chapelleSemisupervisedLearning2006,
  title = {Semi-Supervised Learning},
  editor = {Chapelle, Olivier and Schölkopf, Bernhard and Zien, Alexander},
  year = {2006},
  series = {Adaptive Computation and Machine Learning},
  publisher = {{MIT Press}},
  address = {{Cambridge, Mass}}
}

@article{chaumUntraceableElectronicMail1981,
  title = {Untraceable Electronic Mail, Return Addresses, and Digital Pseudonyms},
  author = {Chaum, David L.},
  year = {1981},
  journal = {Communications of the ACM},
  volume = {24},
  number = {2},
  doi = {10.1145/358549.358563},
  urldate = {2022-10-14}
}

@misc{cheferGenericAttentionmodelExplainability2021,
  title = {Generic Attention-Model Explainability for Interpreting Bi-Modal and Encoder-Decoder Transformers},
  author = {Chefer, Hila and Gur, Shir and Wolf, Lior},
  year = {2021},
  number = {arXiv:2103.15679},
  eprint = {2103.15679},
  publisher = {{arXiv}},
  urldate = {2023-01-08},
  archiveprefix = {arxiv}
}

@inproceedings{cheferTransformerInterpretabilityAttention2021,
  title = {Transformer Interpretability beyond Attention Visualization},
  booktitle = {2021 {{IEEE}}/{{CVF Conference}} on {{Computer Vision}} and {{Pattern Recognition}} ({{CVPR}})},
  author = {Chefer, Hila and Gur, Shir and Wolf, Lior},
  year = {2021},
  publisher = {{IEEE}},
  address = {{Nashville, TN, USA}},
  doi = {10.1109/CVPR46437.2021.00084},
  urldate = {2023-01-08}
}

@misc{chenAlgorithmsEstimateShapley2022,
  title = {Algorithms to Estimate {{Shapley}} Value Feature Attributions},
  author = {Chen, Hugh and Covert, Ian C. and Lundberg, Scott M. and Lee, Su-In},
  year = {2022},
  number = {arXiv:2207.07605},
  eprint = {2207.07605},
  publisher = {{arXiv}},
  urldate = {2023-05-23},
  archiveprefix = {arxiv}
}

@misc{chenDebiasedSelfTrainingSemiSupervised2022,
  title = {Debiased Self-Training for Semi-Supervised Learning},
  author = {Chen, Baixu and Jiang, Junguang and Wang, Ximei and Wan, Pengfei and Wang, Jianmin and Long, Mingsheng},
  year = {2022},
  number = {arXiv:2202.07136},
  eprint = {2202.07136},
  publisher = {{arXiv}},
  urldate = {2023-04-05},
  archiveprefix = {arxiv}
}

@misc{chenDeepLearningAsset2021,
  title = {Deep Learning in Asset Pricing},
  author = {Chen, Luyang and Pelger, Markus and Zhu, Jason},
  year = {2021},
  number = {1904.00745},
  eprint = {1904.00745},
  archiveprefix = {arxiv}
}

@misc{chenExcelFormerNeuralNetwork2023,
  title = {{{ExcelFormer}}: A Neural Network Surpassing Gbdts on Tabular Data},
  author = {Chen, Jintai and Yan, Jiahuan and Chen, Danny Ziyi and Wu, Jian},
  year = {2023},
  number = {arXiv:2301.02819},
  eprint = {2301.02819},
  publisher = {{arXiv}},
  urldate = {2023-01-14},
  archiveprefix = {arxiv}
}

@inproceedings{chengWideDeepLearning2016,
  title = {Wide \& Deep Learning for Recommender Systems},
  booktitle = {Proceedings of the 1st {{Workshop}} on {{Deep Learning}} for {{Recommender Systems}}},
  author = {Cheng, Heng-Tze and Koc, Levent and Harmsen, Jeremiah and Shaked, Tal and Chandra, Tushar and Aradhye, Hrishi and Anderson, Glen and Corrado, Greg and Chai, Wei and Ispir, Mustafa and Anil, Rohan and Haque, Zakaria and Hong, Lichan and Jain, Vihan and Liu, Xiaobing and Shah, Hemal},
  year = {2016},
  publisher = {{ACM}},
  address = {{Boston MA USA}},
  doi = {10.1145/2988450.2988454},
  urldate = {2023-01-26}
}

@inproceedings{chenSimpleFrameworkContrastive2020,
  title = {A Simple Framework for Contrastive Learning of Visual Representations},
  booktitle = {Proceedings of the 37th {{International Conference}} on {{Machine Learning}}},
  author = {Chen, Ting and Kornblith, Simon and Norouzi, Mohammad and Hinton, Geoffrey},
  year = {2020},
  publisher = {{PMLR}},
  urldate = {2023-04-24}
}

@misc{chenTrainingDeepNets2016,
  title = {Training Deep Nets with Sublinear Memory Cost},
  author = {Chen, Tianqi and Xu, Bing and Zhang, Chiyuan and Guestrin, Carlos},
  year = {2016},
  number = {arXiv:1604.06174},
  eprint = {1604.06174},
  publisher = {{arXiv}},
  urldate = {2022-11-23},
  archiveprefix = {arxiv}
}

@misc{chenTrueModelTrue2020,
  title = {True to the Model or True to the Data?},
  author = {Chen, Hugh and Janizek, Joseph D. and Lundberg, Scott and Lee, Su-In},
  year = {2020},
  number = {arXiv:2006.16234},
  eprint = {2006.16234},
  publisher = {{arXiv}},
  urldate = {2023-04-09},
  archiveprefix = {arxiv}
}

@article{chenXGBoostScalableTree2016,
  title = {{{XGBoost}}: A Scalable Tree Boosting System},
  author = {Chen, Tianqi and Guestrin, Carlos},
  year = {2016},
  journal = {Proceedings of the 22nd ACM SIGKDD International Conference on Knowledge Discovery and Data Mining},
  eprint = {1603.02754},
  doi = {10.1145/2939672.2939785},
  archiveprefix = {arxiv}
}

@article{choiEstimationBidAskSpreads1988,
  title = {On the {{Estimation}} of {{Bid-Ask Spreads}}: {{Theory}} and {{Evidence}}},
  author = {Choi, J. Y. and Salandro, Dan and Shastri, Kuldeep},
  year = {1988},
  journal = {The Journal of Financial and Quantitative Analysis},
  volume = {23},
  number = {2},
  eprint = {2330882},
  eprinttype = {jstor},
  publisher = {{Cambridge University Press}},
  doi = {10.2307/2330882},
  urldate = {2023-06-02}
}

@misc{cholakovGatedTabTransformerEnhancedDeep2022,
  title = {The {{GatedTabTransformer}}. {{An}} Enhanced Deep Learning Architecture for Tabular Modeling},
  author = {Cholakov, Radostin and Kolev, Todor},
  year = {2022},
  number = {arXiv:2201.00199},
  eprint = {2201.00199},
  publisher = {{arXiv}},
  urldate = {2023-01-11},
  archiveprefix = {arxiv}
}

@article{christianoDeepReinforcementLearning2017,
  title = {Deep Reinforcement Learning from Human Preferences},
  author = {Christiano, Paul and Leike, Jan and Brown, Tom B. and Martic, Miljan and Legg, Shane and Amodei, Dario},
  year = {2017},
  journal = {arXiv:1706.03741 [cs, stat]},
  eprint = {1706.03741},
  urldate = {2021-09-23},
  archiveprefix = {arxiv}
}

@article{chuanSuccessAdaBoostIts2021,
  title = {The Success of {{AdaBoost}} and Its Application in Portfolio Management},
  author = {Chuan, Yijian and Zhao, Chaoyi and He, Zhenrui and Wu, Lan},
  year = {2021},
  journal = {International Journal of Financial Engineering},
  volume = {08},
  number = {02},
  doi = {10.1142/S2424786321420019},
  urldate = {2022-07-12}
}

@misc{clarkElectraPretrainingText2020,
  title = {Electra: Pre-Training Text Encoders as Discriminators Rather than Generators},
  author = {Clark, Kevin and Luong, Minh-Thang and Le, Quoc V. and Manning, Christopher D.},
  year = {2020},
  number = {arXiv:2003.10555},
  eprint = {2003.10555},
  publisher = {{arXiv}},
  archiveprefix = {arxiv}
}

@misc{clarkWhatDoesBERT2019,
  title = {What {{Does BERT Look At}}? {{An Analysis}} of {{BERT}}'s {{Attention}}},
  author = {Clark, Kevin and Khandelwal, Urvashi and Levy, Omer and Manning, Christopher D.},
  year = {2019},
  number = {arXiv:1906.04341},
  eprint = {1906.04341},
  publisher = {{arXiv}},
  urldate = {2023-06-12},
  archiveprefix = {arxiv}
}

@misc{coenenVisualizingMeasuringGeometry2019,
  title = {Visualizing and {{Measuring}} the {{Geometry}} of {{BERT}}},
  author = {Coenen, Andy and Reif, Emily and Yuan, Ann and Kim, Been and Pearce, Adam and Viégas, Fernanda and Wattenberg, Martin},
  year = {2019},
  number = {arXiv:1906.02715},
  eprint = {1906.02715},
  publisher = {{arXiv}},
  urldate = {2023-06-17},
  archiveprefix = {arxiv}
}

@article{congDEEPSEQUENCEMODELING,
  title = {Deep Sequence Modeling: Development and Applications in Asset Pricing},
  author = {Cong, Lin William and Tang, Ke and Wang, Jingyuan and Zhang, Yang}
}

@article{Cont_2013,
  title = {Price Dynamics in a Markovian Limit Order Market},
  author = {Cont, Rama and {de Larrard}, Adrien},
  year = {2013},
  journal = {Siam Journal on Financial Mathematics},
  doi = {10.1137/110856605},
  mag_id = {3121639422},
  pmcid = {null},
  pmid = {null}
}

@article{covertExplainingRemovingUnified,
  title = {Explaining by {{Removing}}: {{A Uniﬁed Framework}} for {{Model Explanation}}},
  author = {Covert, Ian C}
}

@misc{covertUnderstandingGlobalFeature2020,
  title = {Understanding Global Feature Contributions with Additive Importance Measures},
  author = {Covert, Ian and Lundberg, Scott and Lee, Su-In},
  year = {2020},
  number = {arXiv:2004.00668},
  eprint = {2004.00668},
  publisher = {{arXiv}},
  doi = {10.48550/arXiv.2004.00668},
  urldate = {2023-05-01},
  archiveprefix = {arxiv}
}

@article{cowgillAlgorithmicFairnessEconomics,
  title = {Algorithmic Fairness and Economics},
  author = {Cowgill, Bo and Tucker, Catherine}
}

@inbook{coxExploratoryDataAnalysis2017,
  title = {Exploratory Data Analysis: What Data Do {{I}} Have?},
  booktitle = {Translating {{Statistics}} to {{Make Decisions}}},
  author = {Cox, Victoria},
  year = {2017},
  publisher = {{Apress}},
  address = {{Berkeley, CA}},
  doi = {10.1007/978-1-4842-2256-0_3},
  urldate = {2023-01-22},
  collaborator = {Cox, Victoria}
}

@article{coxOptionPricingSimplified1979,
  title = {Option Pricing: A Simplified Approach},
  author = {Cox, John C and Ross, A},
  year = {1979},
  doi = {10.1016/0304-405X(79)90015-1}
}

@article{coxRelationForwardPrices1981,
  title = {The Relation between Forward Prices and Futures Prices},
  author = {Cox, John C.},
  year = {1981},
  journal = {Journal of Financial Economics},
  doi = {10.1016/0304-405X(81)90002-7}
}

@article{creamerAutomatedTradingBoosting2010,
  title = {Automated Trading with Boosting and Expert Weighting},
  author = {Creamer, Germán and Freund, Yoav},
  year = {2010},
  journal = {Quantitative Finance},
  volume = {10},
  number = {4},
  doi = {10.1080/14697680903104113},
  urldate = {2022-07-12}
}

@article{crspDATADESCRIPTIONSGUIDE,
  title = {Data Descriptions Guide Crsp Us Stock \& Us Index Databases},
  author = {{CRSP}}
}

@misc{culurcielloFallRNNLSTM2019,
  title = {The Fall of {{RNN}} / {{LSTM}}},
  author = {Culurciello, Eugenio},
  year = {2019},
  journal = {Medium},
  urldate = {2021-12-03},
  howpublished = {https://towardsdatascience.com/the-fall-of-rnn-lstm-2d1594c74ce0}
}

@misc{culurcielloMemoryAttentionSequences2018,
  title = {Memory, Attention, Sequences},
  author = {Culurciello, Eugenio},
  year = {2018},
  journal = {Medium},
  urldate = {2021-12-03},
  howpublished = {https://towardsdatascience.com/memory-attention-sequences-37456d271992}
}

@article{daiEmbeddingLearning2022,
  title = {Embedding Learning},
  author = {Dai, Ben and Shen, Xiaotong and Wang, Junhui},
  year = {2022},
  journal = {Journal of the American Statistical Association},
  volume = {117},
  number = {537},
  doi = {10.1080/01621459.2020.1775614},
  urldate = {2023-02-24}
}

@misc{daiTransformerXLAttentiveLanguage2019,
  title = {Transformer-{{XL}}: Attentive Language Models beyond a Fixed-Length Context},
  author = {Dai, Zihang and Yang, Zhilin and Yang, Yiming and Carbonell, Jaime and Le, Quoc V. and Salakhutdinov, Ruslan},
  year = {2019},
  number = {arXiv:1901.02860},
  eprint = {1901.02860},
  publisher = {{arXiv}},
  urldate = {2023-01-11},
  archiveprefix = {arxiv}
}

@inproceedings{dalche-bucSemisupervisedMarginBoost2001,
  title = {Semi-Supervised {{MarginBoost}}},
  booktitle = {Advances in {{Neural Information Processing Systems}}},
  author = {{d' Alché-Buc}, Florence and Grandvalet, Yves and Ambroise, Christophe},
  year = {2001},
  volume = {14},
  publisher = {{MIT Press}}
}

@misc{darabiContrastiveMixupSelf2021,
  title = {Contrastive Mixup: Self- and Semi-Supervised Learning for Tabular Domain},
  author = {Darabi, Sajad and Fazeli, Shayan and Pazoki, Ali and Sankararaman, Sriram and Sarrafzadeh, Majid},
  year = {2021},
  number = {arXiv:2108.12296},
  eprint = {2108.12296},
  publisher = {{arXiv}},
  urldate = {2023-01-24},
  archiveprefix = {arxiv}
}

@misc{dauphinLanguageModelingGated2017,
  title = {Language Modeling with Gated Convolutional Networks},
  author = {Dauphin, Yann N. and Fan, Angela and Auli, Michael and Grangier, David},
  year = {2017},
  number = {arXiv:1612.08083},
  eprint = {1612.08083},
  publisher = {{arXiv}},
  urldate = {2023-01-17},
  archiveprefix = {arxiv}
}

@article{davisGradientBoostingQuantitative2019,
  title = {Gradient Boosting for Quantitative Finance},
  author = {Davis, Jesse and Devos, Laurens and Reyners, Sofie and Schoutens, Wim},
  year = {2019},
  journal = {The Journal of Computational Finance},
  volume = {24},
  number = {4},
  doi = {10.21314/JCF.2020.403}
}

@misc{dehghaniUniversalTransformers2019,
  title = {Universal Transformers},
  author = {Dehghani, Mostafa and Gouws, Stephan and Vinyals, Oriol and Uszkoreit, Jakob and Kaiser, Łukasz},
  year = {2019},
  number = {arXiv:1807.03819},
  eprint = {1807.03819},
  publisher = {{arXiv}},
  urldate = {2023-01-16},
  archiveprefix = {arxiv}
}

@article{deisenrothMathematicsMachineLearning,
  title = {Mathematics for Machine Learning},
  author = {Deisenroth, Marc Peter and Faisal, A Aldo and Ong, Cheng Soon},
  doi = {10.1017/9781108679930}
}

@article{dengStrategicTradingManipulation,
  title = {Strategic Trading and Manipulation: Machine Learning in Limit Order Markets},
  author = {Deng, Xinyi and He, Xue-Zhong}
}

@inproceedings{devlinBERTPretrainingDeep2019,
  title = {Bert: Pre-Training of Deep Bidirectional Transformers for Language Understanding},
  booktitle = {Proceedings of the 2019 {{Conference}} of the {{North American Chapter}} of the {{Association}} for {{Computational Linguistics}}: {{Human Language Technologies}}, {{Volume}} 1 ({{Long}} and {{Short Papers}})},
  author = {Devlin, Jacob and Chang, Ming-Wei and Lee, Kenton and Toutanova, Kristina},
  year = {2019},
  volume = {1},
  publisher = {{Association for Computational Linguistics}},
  address = {{Minneapolis, MN}},
  doi = {10.18653/v1/N19-1423}
}

@article{dieboldComparingPredictiveAccuracy1995,
  title = {Comparing Predictive Accuracy},
  author = {Diebold, Francis X. and Mariano, Roberto S.},
  year = {1995},
  journal = {Journal of Business \& Economic Statistics},
  volume = {13},
  number = {3},
  doi = {10.1080/07350015.1995.10524599}
}

@inproceedings{dongTablePretrainingSurvey2022,
  title = {Table Pre-Training: A Survey on Model Architectures, Pre-Training Objectives, and Downstream Tasks},
  booktitle = {Proceedings of the {{Thirty-First International Joint Conference}} on {{Artificial Intelligence}}},
  author = {Dong, Haoyu and Cheng, Zhoujun and He, Xinyi and Zhou, Mengyu and Zhou, Anda and Zhou, Fan and Liu, Ao and Han, Shi and Zhang, Dongmei},
  year = {2022},
  publisher = {{International Joint Conferences on Artificial Intelligence Organization}},
  address = {{Vienna, Austria}},
  doi = {10.24963/ijcai.2022/761},
  urldate = {2023-01-25}
}

@article{dorogushCatBoostGradientBoosting,
  title = {{{CatBoost}}: Gradient Boosting with Categorical Features Support},
  author = {Dorogush, Anna Veronika and Ershov, Vasily and Gulin, Andrey}
}

@misc{dosovitskiyImageWorth16x162021,
  title = {An Image Is Worth 16x16 Words: Transformers for Image Recognition at Scale},
  author = {Dosovitskiy, Alexey and Beyer, Lucas and Kolesnikov, Alexander and Weissenborn, Dirk and Zhai, Xiaohua and Unterthiner, Thomas and Dehghani, Mostafa and Minderer, Matthias and Heigold, Georg and Gelly, Sylvain and Uszkoreit, Jakob and Houlsby, Neil},
  year = {2021},
  number = {arXiv:2010.11929},
  eprint = {2010.11929},
  publisher = {{arXiv}},
  urldate = {2023-01-30},
  archiveprefix = {arxiv}
}

@article{Easley_1996,
  title = {Liquidity, Information, and Infrequently Traded Stocks},
  author = {Easley, David and Kiefer, Nicholas M. and O'Hara, Maureen and Paperman, Joseph B.},
  year = {1996},
  journal = {Journal of Finance},
  doi = {10.1111/j.1540-6261.1996.tb04074.x},
  mag_id = {2100746131},
  pmcid = {null},
  pmid = {null}
}

@article{Easley_1998,
  title = {Option Volume and Stock Prices: Evidence on Where Informed Traders Trade},
  author = {Easley, David and O'Hara, Maureen and Srinivas, P.S.},
  year = {1998},
  journal = {null},
  doi = {null},
  mag_id = {3122983259},
  pmcid = {null},
  pmid = {null}
}

@article{Easley_2002,
  title = {Is Information Risk a Determinant of Asset Returns},
  author = {Easley, David and Hvidkjaer, Soeren and O'Hara, Maureen},
  year = {2002},
  journal = {Journal of Finance},
  doi = {10.1111/1540-6261.00493},
  mag_id = {2100821524},
  pmcid = {null},
  pmid = {null}
}

@article{Easley_2012,
  title = {Bulk Classification of Trading Activity},
  author = {Easley, David and {de Prado}, Marcos Lopez and O'Hara, Maureen},
  year = {2012},
  journal = {null},
  doi = {null},
  mag_id = {1547818237},
  pmcid = {null},
  pmid = {null}
}

@article{easleyDiscerningInformationTrade2016,
  title = {Discerning Information from Trade Data},
  author = {Easley, David and {de Prado}, Marcos Lopez and O'Hara, Maureen},
  year = {2016},
  journal = {Journal of Financial Economics},
  volume = {120},
  number = {2},
  doi = {10.1016/j.jfineco.2016.01.018}
}

@article{easleyFlowToxicityLiquidity2012,
  title = {Flow Toxicity and Liquidity in a High-Frequency World},
  author = {Easley, David and {López de Prado}, Marcos M. and O'Hara, Maureen},
  year = {2012},
  journal = {Review of Financial Studies},
  volume = {25},
  number = {5},
  doi = {10.1093/rfs/hhs053},
  urldate = {2022-10-09}
}

@article{easleyMicrostructureFlashCrash2011,
  title = {The Microstructure of the “Flash Crash”: {\emph{Flow Toxicity, Liquidity Crashes, and the Probability of Informed Trading}}},
  author = {Easley, David and {López de Prado}, Marcos M. and O’Hara, Maureen},
  year = {2011},
  journal = {The Journal of Portfolio Management},
  volume = {37},
  number = {2},
  doi = {10.3905/jpm.2011.37.2.118},
  urldate = {2023-02-10}
}

@article{easleyOptionVolumeStock1998,
  title = {Option Volume and Stock Prices: Evidence on Where Informed Traders Trade},
  author = {Easley, David and O'Hara, Maureen and Srinivas, P.S.},
  year = {1998},
  journal = {The Journal of Finance},
  volume = {53},
  number = {2},
  doi = {10.1111/0022-1082.194060}
}

@article{elhage2021mathematical,
  title = {A Mathematical Framework for Transformer Circuits},
  author = {Elhage, Nelson and Nanda, Neel and Olsson, Catherine and Henighan, Tom and Joseph, Nicholas and Mann, Ben and Askell, Amanda and Bai, Yuntao and Chen, Anna and Conerly, Tom and DasSarma, Nova and Drain, Dawn and Ganguli, Deep and {Hatfield-Dodds}, Zac and Hernandez, Danny and Jones, Andy and Kernion, Jackson and Lovitt, Liane and Ndousse, Kamal and Amodei, Dario and Brown, Tom and Clark, Jack and Kaplan, Jared and McCandlish, Sam and Olah, Chris},
  year = {2021},
  journal = {Transformer Circuits Thread},
  urldate = {2023-01-11}
}

@article{ellisAccuracyTradeClassification2000,
  title = {The Accuracy of Trade Classification Rules: Evidence from Nasdaq},
  author = {Ellis, Katrina and Michaely, Roni and O'Hara, Maureen},
  year = {2000},
  journal = {The Journal of Financial and Quantitative Analysis},
  volume = {35},
  number = {4},
  doi = {10.2307/2676254}
}

@article{enguehardSemiSupervisedLearningDeep2019,
  title = {Semi-Supervised Learning with Deep Embedded Clustering for Image Classification and Segmentation},
  author = {Enguehard, Joseph and O'Halloran, Peter and Gholipour, Ali},
  year = {2019},
  journal = {IEEE Access},
  volume = {7},
  doi = {10.1109/ACCESS.2019.2891970},
  urldate = {2023-04-14}
}

@article{erhanWhyDoesUnsupervised,
  title = {Why Does Unsupervised Pre-Training Help Deep Learning?},
  author = {Erhan, Dumitru and Bengio, Yoshua and Courville, Aaron and Manzagol, Pierre-Antoine and Vincent, Pascal and Bengio, Samy}
}

@misc{ExplainingIndividualPredictions,
  title = {Explaining Individual Predictions When Features Are Dependent: More Accurate Approximations to Shapley Values | Elsevier Enhanced Reader},
  doi = {10.1016/j.artint.2021.103502},
  urldate = {2023-03-26}
}

@book{falkPracticalRecommenderSystems2019,
  title = {Practical Recommender Systems},
  author = {Falk, Kim},
  year = {2019},
  publisher = {{Manning}},
  address = {{Shelter Island, NY}}
}

@article{famaCAPMWantedDead1996,
  title = {The {{CAPM}} Is Wanted, Dead or Alive},
  author = {Fama, Eugene F. and French, Kenneth R.},
  year = {1996},
  journal = {The Journal of Finance},
  volume = {51},
  number = {5},
  doi = {10.1111/j.1540-6261.1996.tb05233.x},
  urldate = {2021-10-29}
}

@article{famaCommonRiskFactors1993,
  title = {Common Risk Factors in the Returns on Stocks and Bonds},
  author = {Fama, Eugene F. and French, Kenneth R.},
  year = {1993},
  journal = {Journal of Financial Economics},
  volume = {33},
  number = {1},
  doi = {10.1016/0304-405X(93)90023-5},
  urldate = {2021-10-29}
}

@article{famaFivefactorAssetPricing2015,
  title = {A Five-Factor Asset Pricing Model},
  author = {Fama, Eugene F. and French, Kenneth R.},
  year = {2015},
  journal = {Journal of Financial Economics},
  volume = {116},
  number = {1},
  doi = {10.1016/j.jfineco.2014.10.010},
  urldate = {2021-10-31}
}

@article{fardRecommenderSystemBased2013,
  title = {Recommender System Based on Semantic Similarity},
  author = {Fard, Karamollah Bagheri and Nilashi, Mehrbakhsh and Rahmani, Mohsen and Ibrahim, Othman},
  year = {2013},
  volume = {3},
  number = {6}
}

@article{fawziDiscoveringFasterMatrix2022,
  title = {Discovering Faster Matrix Multiplication Algorithms with Reinforcement Learning},
  author = {Fawzi, Alhussein and Balog, Matej and Huang, Aja and Hubert, Thomas and {Romera-Paredes}, Bernardino and Barekatain, Mohammadamin and Novikov, Alexander and R. Ruiz, Francisco J. and Schrittwieser, Julian and Swirszcz, Grzegorz and Silver, David and Hassabis, Demis and Kohli, Pushmeet},
  year = {2022},
  journal = {Nature},
  volume = {610},
  number = {7930},
  doi = {10.1038/s41586-022-05172-4},
  urldate = {2022-10-10}
}

@article{fedeniaMachineLearningCorporate2021,
  title = {Machine Learning in the Corporate Bond Market and beyond: A New Classifier},
  author = {Fedenia, Mark A. and Nam, Seunghan and Ronen, Tavy},
  year = {2021},
  journal = {SSRN Electronic Journal},
  doi = {10.2139/ssrn.3848068}
}

@misc{federalreservebankofstlouisNBERBasedRecession2022,
  title = {{{NBER}} Based Recession Indicators for the United States from the Period Following the Peak through the Trough [{{USREC}}]},
  author = {{Federal Reserve Bank of St. Louis}},
  year = {2022},
  journal = {FRED, Federal Reserve Bank of St. Louis},
  urldate = {2022-07-26},
  howpublished = {https://fred.stlouisfed.org/series/USREC}
}

@article{feldhutterSameBondDifferent2012,
  title = {The Same Bond at Different Prices: Identifying Search Frictions and Selling Pressures},
  author = {Feldhütter, Peter},
  year = {2012},
  journal = {The Review of Financial Studies},
  volume = {25},
  number = {4},
  doi = {10.1093/rfs/hhr093},
  urldate = {2022-12-30}
}

@article{fengDeepLearningPredicting2018,
  title = {Deep Learning for Predicting Asset Returns},
  author = {Feng, Guanhao and He, Jingyu and Polson, Nicholas G.},
  year = {2018},
  journal = {arXiv:1804.09314},
  eprint = {1804.09314},
  urldate = {2021-10-26},
  archiveprefix = {arxiv}
}

@article{fengLogtransformationItsImplications2014,
  title = {Log-Transformation and Its Implications for Data Analysis},
  author = {Feng, Changyong and Wang, Hongyue and Lu, Naiji and Chen, Tian and He, Hua and Lu, Ying and Tu, Xin M},
  year = {2014},
  volume = {26},
  number = {2}
}

@misc{fiedlerSimpleModificationsImprove2021,
  title = {Simple Modifications to Improve Tabular Neural Networks},
  author = {Fiedler, James},
  year = {2021},
  number = {arXiv:2108.03214},
  eprint = {2108.03214},
  publisher = {{arXiv}},
  archiveprefix = {arxiv}
}

@article{finucaneDirectTestMethods2000,
  title = {A Direct Test of Methods for Inferring Trade Direction from Intra-Day Data},
  author = {Finucane, Thomas J.},
  year = {2000},
  journal = {The Journal of Financial and Quantitative Analysis},
  volume = {35},
  number = {4},
  doi = {10.2307/2676255}
}

@article{fisherAllModelsAre,
  title = {All Models Are Wrong, but Many Are Useful: Learning a Variable’s Importance by Studying an Entire Class of Prediction Models Simultaneously},
  author = {Fisher, Aaron and Rudin, Cynthia and Dominici, Francesca}
}

@article{fletcherSophisticatedInvestorsFederal1988,
  title = {Sophisticated Investors under the Federal Securities Laws},
  author = {Fletcher, C. Edward},
  year = {1988},
  journal = {Duke Law Journal},
  volume = {1988},
  number = {6},
  eprint = {1372532},
  eprinttype = {jstor},
  doi = {10.2307/1372532},
  urldate = {2023-02-04}
}

@article{frazziniBettingBeta2014,
  title = {Betting against Beta},
  author = {Frazzini, Andrea and Pedersen, Lasse Heje},
  year = {2014},
  journal = {Journal of Financial Economics},
  volume = {111},
  number = {1},
  doi = {10.1016/j.jfineco.2013.10.005},
  urldate = {2020-11-15}
}

@article{freeboroughInvestigatingExplainabilityMethods2022,
  title = {Investigating {{Explainability Methods}} in {{Recurrent Neural Network Architectures}} for {{Financial Time Series Data}}},
  author = {Freeborough, Warren and Van Zyl, Terence},
  year = {2022},
  journal = {Applied Sciences},
  volume = {12},
  number = {3},
  doi = {10.3390/app12031427},
  urldate = {2023-05-22}
}

@article{freybergerDissectingCharacteristicsNonparametrically,
  title = {Dissecting Characteristics Nonparametrically},
  author = {Freyberger, Joachim and Neuhierl, Andreas and Weber, Michael},
  year = {2020},
  journal = {The Review of Financial Studies},
  volume = {5},
  number = {33},
  doi = {10.1093/rfs/hhz123}
}

@article{friedmanAdditiveLogisticRegression2000,
  title = {Additive Logistic Regression: A Statistical View of Boosting (with Discussion and a Rejoinder by the Authors)},
  author = {Friedman, Jerome and Hastie, Trevor and Tibshirani, Robert},
  year = {2000},
  journal = {The Annals of Statistics},
  volume = {28},
  number = {2},
  doi = {10.1214/aos/1016218223}
}

@article{friedmanGreedyFunctionApproximation2001,
  title = {Greedy Function Approximation: A Gradient Boosting Machine.},
  author = {Friedman, Jerome},
  year = {2001},
  journal = {The Annals of Statistics},
  volume = {29},
  number = {5},
  doi = {10.1214/aos/1013203451}
}

@article{friedmanStochasticGradientBoosting2002,
  title = {Stochastic Gradient Boosting},
  author = {Friedman, Jerome},
  year = {2002},
  journal = {Computational Statistics \& Data Analysis},
  volume = {38},
  number = {4},
  doi = {10.1016/S0167-9473(01)00065-2}
}

@article{frommelAccuracyTradeClassification2021,
  title = {The Accuracy of Trade Classification Systems on the Foreign Exchange Market: Evidence from the {{RUB}}/{{USD}} Market},
  author = {Frömmel, Michael and D'Hoore, Dick and Lampaert, Kevin},
  year = {2021},
  journal = {Finance Research Letters},
  volume = {42},
  doi = {10.1016/j.frl.2020.101892},
  urldate = {2023-02-01}
}

@misc{gabrielDynamicPricingUsing2021,
  title = {Dynamic Pricing Using Reinforcement Learning and Neural Networks},
  author = {Gabriel, Reslley},
  year = {2021},
  journal = {Medium},
  urldate = {2022-01-14},
  howpublished = {https://towardsdatascience.com/dynamic-pricing-using-reinforcement-learning-and-neural-networks-cc3abe374bf5}
}

@article{garleanuDemandBasedOptionPricing2009,
  title = {Demand-Based Option Pricing},
  author = {Gârleanu, Nicolae and Pedersen, Lasse Heje and Poteshman, Allen M.},
  year = {2009},
  journal = {Review of Financial Studies},
  volume = {22},
  number = {10},
  doi = {10.1093/rfs/hhp005}
}

@misc{gevaTransformerFeedforwardLayers2021,
  title = {Transformer Feed-Forward Layers Are Key-Value Memories},
  author = {Geva, Mor and Schuster, Roei and Berant, Jonathan and Levy, Omer},
  year = {2021},
  number = {arXiv:2012.14913},
  eprint = {2012.14913},
  publisher = {{arXiv}},
  urldate = {2023-01-16},
  archiveprefix = {arxiv}
}

@article{GivingSoftwareIts2019,
  title = {Giving Software Its Due},
  year = {2019},
  journal = {Nature Methods},
  volume = {16},
  number = {3},
  doi = {10.1038/s41592-019-0350-x},
  urldate = {2022-12-08}
}

@inproceedings{glorotDeepSparseRectifier2011,
  title = {Deep Sparse Rectifier Neural Networks},
  booktitle = {Proceedings of the {{Fourteenth International Conference}} on {{Artificial Intelligence}} and {{Statistics}}},
  author = {Glorot, Xavier and Bordes, Antoine and Bengio, Yoshua},
  year = {2011},
  volume = {15},
  publisher = {{JMLR Workshop and Conference Proceedings}},
  address = {{Fort Lauderdale, FL}},
  urldate = {2021-12-08}
}

@article{Glosten_1988,
  title = {Estimating the Components of the Bid/Ask Spread},
  author = {Glosten, Lawrence R. and Harris, Lawrence},
  year = {1988},
  journal = {Journal of Financial Economics},
  doi = {10.1016/0304-405x(88)90034-7},
  mag_id = {2035606631},
  pmcid = {null},
  pmid = {null}
}

@article{goettlerEquilibriumDynamicLimit2005,
  title = {Equilibrium in a Dynamic Limit Order Market},
  author = {Goettler, Ronald L. and Parlour, Christine A. and Rajan, Uday},
  year = {2005},
  journal = {The Journal of Finance},
  volume = {60},
  number = {5},
  doi = {10.1111/j.1540-6261.2005.00795.x}
}

@book{goodfellowDeepLearning2016,
  title = {Deep Learning},
  author = {Goodfellow, Ian and Bengio, Yoshua and Courville, Aaron},
  year = {2016},
  publisher = {{MIT Press}}
}

@book{goossensLaTeXGraphicsCompanion2008,
  title = {The Latex Graphics Companion},
  editor = {Goossens, Michel},
  year = {2008},
  series = {Addison-{{Wesley}} Series on Tools and Techniques for Computer Typesetting},
  edition = {2nd ed},
  publisher = {{Addison-Wesley}},
  address = {{Upper Saddle River, NJ}}
}

@misc{gorishniyEmbeddingsNumericalFeatures2022,
  title = {On Embeddings for Numerical Features in Tabular Deep Learning},
  author = {Gorishniy, Yury and Rubachev, Ivan and Babenko, Artem},
  year = {2022},
  number = {arXiv:2203.05556},
  eprint = {2203.05556},
  publisher = {{arXiv}},
  archiveprefix = {arxiv}
}

@inproceedings{gorishniyRevisitingDeepLearning2021,
  title = {Revisiting Deep Learning Models for Tabular Data},
  booktitle = {Advances in {{Neural Information Processing Systems}}},
  author = {Gorishniy, Yury and Rubachev, Ivan and Khrulkov, Valentin and Babenko, Artem},
  year = {2021},
  volume = {34},
  publisher = {{Curran Associates, Inc.}},
  address = {{Red Hook, NY}}
}

@misc{GradientBoostPart,
  title = {Gradient Boost Part 1 (of 4): Regression Main Ideas - {{YouTube}}},
  urldate = {2021-12-25},
  howpublished = {https://www.youtube.com/watch?v=3CC4N4z3GJc}
}

@article{grammigDivergingRoadsTheoryBased2020,
  title = {Diverging Roads: Theory-Based vs. Machine Learning-Implied Stock Risk Premia},
  author = {Grammig, Joachim and Hanenberg, Constantin and Schlag, Christian and Sönksen, Jantje},
  year = {2020},
  journal = {SSRN Electronic Journal},
  doi = {10.2139/ssrn.3536835},
  urldate = {2021-11-03}
}

@article{grauerOptionTradeClassification2022,
  title = {Option Trade Classification},
  author = {Grauer, Caroline and Schuster, Philipp and {Uhrig-Homburg}, Marliese},
  year = {2022},
  journal = {SSRN Electronic Journal},
  doi = {10.2139/ssrn.4098475},
  urldate = {2022-07-28}
}

@inproceedings{grinsztajnWhyTreebasedModels2022,
  title = {Why Do Tree-Based Models Still Outperform Deep Learning on Typical Tabular Data?},
  booktitle = {Proceedings of the 36th {{International Conference}} on {{Neural Information Processing Systems}}},
  author = {Grinsztajn, Léo and Oyallon, Edouard and Varoquaux, Gaël},
  year = {2022},
  series = {{{NeurIPS}} 2022},
  volume = {36},
  publisher = {{Curran Associates Inc.}},
  address = {{Red Hook, NY}}
}

@article{guAutoencoderAssetPricing2021,
  title = {Autoencoder Asset Pricing Models},
  author = {Gu, Shihao and Kelly, Bryan and Xiu, Dacheng},
  year = {2021},
  journal = {Journal of Econometrics},
  volume = {222},
  number = {1},
  doi = {10.1016/j.jeconom.2020.07.009}
}

@article{guEmpiricalAssetPricing2020,
  title = {Empirical Asset Pricing via Machine Learning},
  author = {Gu, Shihao and Kelly, Bryan and Xiu, Dacheng},
  year = {2020},
  journal = {The Review of Financial Studies},
  volume = {33},
  number = {5},
  doi = {10.1093/rfs/hhaa009},
  urldate = {2021-10-19}
}

@article{gunnarssonDeepLearningCredit2021,
  title = {Deep Learning for Credit Scoring: Do or Don’t?},
  author = {Gunnarsson, Björn Rafn and {vanden Broucke}, Seppe and Baesens, Bart and Óskarsdóttir, María and Lemahieu, Wilfried},
  year = {2021},
  journal = {European Journal of Operational Research},
  volume = {295},
  number = {1},
  doi = {10.1016/j.ejor.2021.03.006},
  urldate = {2022-01-12}
}

@inproceedings{guoEmbeddingLearningFramework2021,
  title = {An Embedding Learning Framework for Numerical Features in {{CTR}} Prediction},
  booktitle = {Proceedings of the 27th {{ACM SIGKDD Conference}} on {{Knowledge Discovery}} \& {{Data Mining}}},
  author = {Guo, Huifeng and Chen, Bo and Tang, Ruiming and Zhang, Weinan and Li, Zhenguo and He, Xiuqiang},
  year = {2021},
  eprint = {2012.08986},
  doi = {10.1145/3447548.3467077},
  urldate = {2023-01-14},
  archiveprefix = {arxiv}
}

@misc{guoEntityEmbeddingsCategorical2016,
  title = {Entity Embeddings of Categorical Variables},
  author = {Guo, Cheng and Berkhahn, Felix},
  year = {2016},
  number = {arXiv:1604.06737},
  eprint = {1604.06737},
  publisher = {{arXiv}},
  urldate = {2023-01-25},
  archiveprefix = {arxiv}
}

@inproceedings{gyamerahStockMarketMovement2019,
  title = {On Stock Market Movement Prediction via Stacking Ensemble Learning Method},
  booktitle = {2019 {{IEEE Conference}} on {{Computational Intelligence}} for {{Financial Engineering}} \& {{Economics}} ({{CIFEr}})},
  author = {Gyamerah, Samuel Asante and Ngare, Philip and Ikpe, Dennis},
  year = {2019},
  publisher = {{IEEE}},
  address = {{Shenzhen, China}},
  doi = {10.1109/CIFEr.2019.8759062},
  urldate = {2022-07-12}
}

@article{hagstromerBiasEffectiveBidask2021,
  title = {Bias in the Effective Bid-Ask Spread},
  author = {Hagströmer, Björn},
  year = {2021},
  journal = {Journal of Financial Economics},
  volume = {142},
  number = {1},
  doi = {10.1016/j.jfineco.2021.04.018},
  urldate = {2023-02-25}
}

@inproceedings{hanAutoEncoderInspiredUnsupervised2018,
  title = {{{AutoEncoder}} Inspired Unsupervised Feature Selection},
  booktitle = {2018 {{IEEE International Conference}} on {{Acoustics}}, {{Speech}} and {{Signal Processing}} ({{ICASSP}})},
  author = {Han, Kai and Wang, Yunhe and Zhang, Chao and Li, Chao and Xu, Chao},
  year = {2018},
  eprint = {1710.08310},
  address = {{Calgary, AB}},
  doi = {10.1109/ICASSP.2018.8462261},
  archiveprefix = {arxiv}
}

@article{hancockSurveyCategoricalData2020,
  title = {Survey on Categorical Data for Neural Networks},
  author = {Hancock, John T. and Khoshgoftaar, Taghi M.},
  year = {2020},
  journal = {Journal of Big Data},
  volume = {7},
  number = {1},
  doi = {10.1186/s40537-020-00305-w},
  urldate = {2022-12-18}
}

@article{harrisDayEndTransactionPrice1989,
  title = {A Day-End Transaction Price Anomaly},
  author = {Harris, Lawrence},
  year = {1989},
  journal = {The Journal of Financial and Quantitative Analysis},
  volume = {24},
  number = {1},
  eprint = {2330746},
  eprinttype = {jstor},
  doi = {10.2307/2330746},
  urldate = {2023-02-05}
}

@article{harveyMultivariateStochasticVariance1994,
  title = {Multivariate Stochastic Variance Models},
  author = {Harvey, A. and Ruiz, E. and Shephard, N.},
  year = {1994},
  journal = {The Review of Economic Studies},
  volume = {61},
  number = {2},
  doi = {10.2307/2297980},
  urldate = {2020-12-12}
}

@article{harveyTestingEqualityPrediction1997,
  title = {Testing the Equality of Prediction Mean Squared Errors},
  author = {Harvey, David and Leybourne, Stephen and Newbold, Paul},
  year = {1997},
  journal = {International Journal of Forecasting},
  volume = {13},
  number = {2},
  doi = {10.1016/S0169-2070(96)00719-4}
}

@article{hasbrouckTradesQuotesInventories1988,
  title = {Trades, Quotes, Inventories, and Information},
  author = {Hasbrouck, Joel},
  year = {1988},
  journal = {Journal of Financial Economics},
  volume = {22},
  number = {2},
  doi = {10.1016/0304-405X(88)90070-0}
}

@article{hasbrouckTradingCostsReturns2009,
  title = {Trading Costs and Returns for {{U}}.s. {{Equities}}: Estimating Effective Costs from Daily Data},
  author = {Hasbrouck, Joel},
  year = {2009},
  journal = {The Journal of Finance},
  volume = {64},
  number = {3},
  doi = {10.1111/j.1540-6261.2009.01469.x},
  urldate = {2023-02-26}
}

@book{hastietrevorElementsStatisticalLearning2009,
  title = {The Elements of Statistical Learning},
  author = {Hastie, Trevor, Sami and Friedman, Harry and Tibshirani, Robert},
  year = {2009},
  series = {Springer {{Series}} in {{Statistics}}},
  publisher = {{Springer}},
  address = {{New York, NY}}
}

@inproceedings{hazimehTreeEnsembleLayer2020,
  title = {The {{Tree Ensemble Layer}}: {{Differentiability}} Meets {{Conditional Computation}}},
  booktitle = {Proceedings of the 37th {{International Conference}} on {{Machine Learning}}},
  author = {Hazimeh, Hussein and Ponomareva, Natalia and Mol, Petros and Tan, Zhenyu and Mazumder, Rahul},
  year = {2020},
  publisher = {{PMLR}},
  urldate = {2023-05-15}
}

@inproceedings{heatonEmpiricalAnalysisFeature2016,
  title = {An Empirical Analysis of Feature Engineering for Predictive Modeling},
  booktitle = {{{SoutheastCon}} 2016},
  author = {Heaton, Jeff},
  year = {2016},
  eprint = {1701.07852},
  doi = {10.1109/SECON.2016.7506650},
  archiveprefix = {arxiv}
}

@misc{heBagTricksImage2018,
  title = {Bag of Tricks for Image Classification with Convolutional Neural Networks},
  author = {He, Tong and Zhang, Zhi and Zhang, Hang and Zhang, Zhongyue and Xie, Junyuan and Li, Mu},
  year = {2018},
  number = {arXiv:1812.01187},
  eprint = {1812.01187},
  publisher = {{arXiv}},
  urldate = {2022-10-26},
  archiveprefix = {arxiv}
}

@misc{heDeepResidualLearning2015,
  title = {Deep Residual Learning for Image Recognition},
  author = {He, Kaiming and Zhang, Xiangyu and Ren, Shaoqing and Sun, Jian},
  year = {2015},
  number = {arXiv:1512.03385},
  eprint = {1512.03385},
  publisher = {{arXiv}},
  urldate = {2023-01-11},
  archiveprefix = {arxiv}
}

@article{heegaardPhDResearchPlan,
  title = {{{PhD}} Research Plan},
  author = {Heegaard, Poul}
}

@misc{hegselmannTabLLMFewshotClassification2022,
  title = {{{TabLLM}}: Few-Shot Classification of Tabular Data with Large Language Models},
  author = {Hegselmann, Stefan and Buendia, Alejandro and Lang, Hunter and Agrawal, Monica and Jiang, Xiaoyi and Sontag, David},
  year = {2022},
  number = {arXiv:2210.10723},
  eprint = {2210.10723},
  publisher = {{arXiv}},
  urldate = {2023-01-14},
  archiveprefix = {arxiv}
}

@misc{hendrycksGaussianErrorLinear2020,
  title = {Gaussian Error Linear Units (Gelus)},
  author = {Hendrycks, Dan and Gimpel, Kevin},
  year = {2020},
  number = {arXiv:1606.08415},
  eprint = {1606.08415},
  publisher = {{arXiv}},
  urldate = {2023-01-16},
  archiveprefix = {arxiv}
}

@misc{hertzPrompttopromptImageEditing2022,
  title = {Prompt-to-Prompt Image Editing with Cross Attention Control},
  author = {Hertz, Amir and Mokady, Ron and Tenenbaum, Jay and Aberman, Kfir and Pritch, Yael and {Cohen-Or}, Daniel},
  year = {2022},
  number = {arXiv:2208.01626},
  eprint = {2208.01626},
  publisher = {{arXiv}},
  urldate = {2022-09-12},
  archiveprefix = {arxiv}
}

@article{hidasiRecurrentNeuralNetworks2018,
  title = {Recurrent Neural Networks with Top-k Gains for Session-Based Recommendations},
  author = {Hidasi, Balázs and Karatzoglou, Alexandros},
  year = {2018},
  journal = {Proceedings of the 27th ACM International Conference on Information and Knowledge Management},
  eprint = {1706.03847},
  doi = {10.1145/3269206.3271761},
  urldate = {2021-05-04},
  archiveprefix = {arxiv}
}

@article{hintonForwardForwardAlgorithmPreliminary,
  title = {The Forward-Forward Algorithm: Some Preliminary Investigations},
  author = {Hinton, Geoffrey}
}

@article{hintonImprovingNeuralNetworks2012,
  title = {Improving Neural Networks by Preventing Co-Adaptation of Feature Detectors},
  author = {Hinton, Geoffrey E. and Srivastava, Nitish and Krizhevsky, Alex and Sutskever, Ilya and Salakhutdinov, Ruslan R.},
  year = {2012},
  eprint = {1207.0580},
  archiveprefix = {arxiv}
}

@article{hirtEndtoendProcessModel,
  title = {An End-to-End Process Model for Supervised Machine Learning Classification: From Problem to Deployment in Information Systems},
  author = {Hirt, Robin and Kuhl, Niklas and Satzger, Gerhard}
}

@article{hoangMachineLearningMethods,
  title = {Machine Learning Methods in Finance: Recent Applications and Prospects},
  author = {Hoang, Daniel and Wiegratz, Kevin}
}

@article{hoAxialAttentionMultidimensional2019,
  title = {Axial Attention in Multidimensional Transformers},
  author = {Ho, Jonathan and Kalchbrenner, Nal and Weissenborn, Dirk and Salimans, Tim},
  year = {2019},
  journal = {arXiv:1912.12180 [cs]},
  eprint = {1912.12180},
  urldate = {2022-01-04},
  archiveprefix = {arxiv}
}

@article{hochreiterLongShorttermMemory1997,
  title = {Long Short-Term Memory},
  author = {Hochreiter, Sepp and Schmidhuber, Jürgen},
  year = {1997},
  journal = {Neural Computation},
  volume = {9},
  number = {8},
  doi = {10.1162/neco.1997.9.8.1735},
  urldate = {2021-12-25}
}

@misc{hoffmannTrainingComputeOptimalLarge2022,
  title = {Training {{Compute-Optimal Large Language Models}}},
  author = {Hoffmann, Jordan and Borgeaud, Sebastian and Mensch, Arthur and Buchatskaya, Elena and Cai, Trevor and Rutherford, Eliza and Casas, Diego de Las and Hendricks, Lisa Anne and Welbl, Johannes and Clark, Aidan and Hennigan, Tom and Noland, Eric and Millican, Katie and Driessche, George van den and Damoc, Bogdan and Guy, Aurelia and Osindero, Simon and Simonyan, Karen and Elsen, Erich and Rae, Jack W. and Vinyals, Oriol and Sifre, Laurent},
  year = {2022},
  number = {arXiv:2203.15556},
  eprint = {2203.15556},
  publisher = {{arXiv}},
  urldate = {2023-05-31},
  archiveprefix = {arxiv}
}

@misc{hoffmannTrainingComputeOptimalLarge2022a,
  title = {Training {{Compute-Optimal Large Language Models}}},
  author = {Hoffmann, Jordan and Borgeaud, Sebastian and Mensch, Arthur and Buchatskaya, Elena and Cai, Trevor and Rutherford, Eliza and Casas, Diego de Las and Hendricks, Lisa Anne and Welbl, Johannes and Clark, Aidan and Hennigan, Tom and Noland, Eric and Millican, Katie and Driessche, George van den and Damoc, Bogdan and Guy, Aurelia and Osindero, Simon and Simonyan, Karen and Elsen, Erich and Rae, Jack W. and Vinyals, Oriol and Sifre, Laurent},
  year = {2022},
  number = {arXiv:2203.15556},
  eprint = {2203.15556},
  publisher = {{arXiv}},
  urldate = {2023-06-15},
  archiveprefix = {arxiv}
}

@article{holdenLiquidityMeasurementProblems2014,
  title = {Liquidity Measurement Problems in Fast, Competitive Markets: Expensive and Cheap Solutions: Liquidity Measurement Problems in Fast, Competitive Markets},
  author = {Holden, Craig W. and Jacobsen, Stacey},
  year = {2014},
  journal = {The Journal of Finance},
  volume = {69},
  number = {4},
  doi = {10.1111/jofi.12127},
  urldate = {2023-02-06}
}

@article{holthausenEffectLargeBlock1987,
  title = {The Effect of Large Block Transactions on Security Prices: A Cross-Sectional Analysis},
  author = {Holthausen, Robert W. and Leftwich, Richard W. and Mayers, David},
  year = {1987},
  journal = {Journal of Financial Economics},
  volume = {19},
  number = {2},
  doi = {10.1016/0304-405X(87)90004-3}
}

@book{holzingerXxAIExplainableAI2022,
  title = {{{xxAI}} - {{Beyond Explainable AI}}: {{International Workshop}}, {{Held}} in {{Conjunction}} with {{ICML}} 2020, {{July}} 18, 2020, {{Vienna}}, {{Austria}}, {{Revised}} and {{Extended Papers}}},
  editor = {Holzinger, Andreas and Goebel, Randy and Fong, Ruth and Moon, Taesup and Müller, Klaus-Robert and Samek, Wojciech},
  year = {2022},
  series = {Lecture {{Notes}} in {{Computer Science}}},
  volume = {13200},
  publisher = {{Springer International Publishing}},
  address = {{Cham}},
  doi = {10.1007/978-3-031-04083-2},
  urldate = {2023-05-22}
}

@article{hookerUnrestrictedPermutationForces2021,
  title = {Unrestricted Permutation Forces Extrapolation: Variable Importance Requires at Least One More Model, or There Is No Free Variable Importance},
  author = {Hooker, Giles and Mentch, Lucas and Zhou, Siyu},
  year = {2021},
  journal = {Statistics and Computing},
  volume = {31},
  number = {6},
  doi = {10.1007/s11222-021-10057-z},
  urldate = {2023-04-11}
}

@article{hornikMultilayerFeedforwardNetworks1989,
  title = {Multilayer Feedforward Networks Are Universal Approximators},
  author = {Hornik, Kurt and Stinchcombe, Maxwell and White, Halbert},
  year = {1989},
  journal = {Neural Networks},
  volume = {2},
  number = {5},
  doi = {10.1016/0893-6080(89)90020-8},
  urldate = {2021-12-08}
}

@misc{huangSnapshotEnsemblesTrain2017,
  title = {Snapshot Ensembles: Train 1, Get {{M}} for Free},
  author = {Huang, Gao and Li, Yixuan and Pleiss, Geoff and Liu, Zhuang and Hopcroft, John E. and Weinberger, Kilian Q.},
  year = {2017},
  number = {arXiv:1704.00109},
  eprint = {1704.00109},
  publisher = {{arXiv}},
  urldate = {2021-08-17},
  archiveprefix = {arxiv}
}

@misc{huangTabTransformerTabularData2020,
  title = {{{TabTransformer}}: Tabular Data Modeling Using Contextual Embeddings},
  author = {Huang, Xin and Khetan, Ashish and Cvitkovic, Milan and Karnin, Zohar},
  year = {2020},
  number = {arXiv:2012.06678},
  eprint = {2012.06678},
  publisher = {{arXiv}},
  urldate = {2022-09-14},
  archiveprefix = {arxiv}
}

@article{huDoesOptionTrading2014,
  title = {Does Option Trading Convey Stock Price Information?},
  author = {Hu, Jianfeng},
  year = {2014},
  journal = {Journal of Financial Economics},
  volume = {111},
  number = {3},
  doi = {10.1016/j.jfineco.2013.12.004}
}

@book{hullOptionsFuturesOther2012,
  title = {Options, Futures, and Other Derivatives},
  author = {Hull, John},
  year = {2012},
  edition = {8th ed},
  publisher = {{Prentice Hall}},
  address = {{Boston}}
}

@book{huyenDesigningMachineLearning,
  title = {Designing Machine Learning Systems},
  author = {Huyen, Chip}
}

@book{hyndmanForecastingPrinciplesPractice2021,
  title = {Forecasting: Principles and Practice},
  author = {Hyndman, Rob J and Athanasopoulos, George},
  year = {2021},
  edition = {Third}
}

@article{inceINDIVIDUALEQUITYRETURN2006,
  title = {Individual Equity Return Data from Thomson Datastream: Handle with Care!},
  author = {Ince, Ozgur S. and Porter, R. Burt},
  year = {2006},
  journal = {Journal of Financial Research},
  volume = {29},
  number = {4},
  doi = {10.1111/j.1475-6803.2006.00189.x},
  urldate = {2021-10-29}
}

@misc{ioffeBatchNormalizationAccelerating2015,
  title = {Batch Normalization: Accelerating Deep Network Training by Reducing Internal Covariate Shift},
  author = {Ioffe, Sergey and Szegedy, Christian},
  year = {2015},
  number = {arXiv:1502.03167},
  eprint = {1502.03167},
  publisher = {{arXiv}},
  urldate = {2023-01-01},
  archiveprefix = {arxiv}
}

@article{ismailfawazDeepLearningTime2019,
  title = {Deep Learning for Time Series Classification: A Review},
  author = {Ismail Fawaz, Hassan and Forestier, Germain and Weber, Jonathan and Idoumghar, Lhassane and Muller, Pierre-Alain},
  year = {2019},
  journal = {Data Mining and Knowledge Discovery},
  volume = {33},
  number = {4},
  doi = {10.1007/s10618-019-00619-1},
  urldate = {2021-11-16}
}

@misc{ivanovDataMovementAll2021,
  title = {Data Movement Is All You Need: A Case Study on Optimizing Transformers},
  author = {Ivanov, Andrei and Dryden, Nikoli and {Ben-Nun}, Tal and Li, Shigang and Hoefler, Torsten},
  year = {2021},
  number = {arXiv:2007.00072},
  eprint = {2007.00072},
  publisher = {{arXiv}},
  urldate = {2023-01-15},
  archiveprefix = {arxiv}
}

@misc{izmailovAveragingWeightsLeads2019,
  title = {Averaging Weights Leads to Wider Optima and Better Generalization},
  author = {Izmailov, Pavel and Podoprikhin, Dmitrii and Garipov, Timur and Vetrov, Dmitry and Wilson, Andrew Gordon},
  year = {2019},
  number = {arXiv:1803.05407},
  eprint = {1803.05407},
  publisher = {{arXiv}},
  urldate = {2022-10-13},
  archiveprefix = {arxiv}
}

@inproceedings{jacobGroupLassoOverlap2009,
  title = {Group Lasso with Overlap and Graph Lasso},
  booktitle = {Proceedings of the 26th {{Annual International Conference}} on {{Machine Learning}} - {{ICML}} '09},
  author = {Jacob, Laurent and Obozinski, Guillaume and Vert, Jean-Philippe},
  year = {2009},
  publisher = {{ACM Press}},
  address = {{Montreal, Quebec, Canada}},
  doi = {10.1145/1553374.1553431},
  urldate = {2021-10-01}
}

@misc{jainAttentionNotExplanation2019,
  title = {Attention Is Not Explanation},
  author = {Jain, Sarthak and Wallace, Byron C.},
  year = {2019},
  number = {arXiv:1902.10186},
  eprint = {1902.10186},
  publisher = {{arXiv}},
  urldate = {2023-01-09},
  archiveprefix = {arxiv}
}

@article{japkowiczClassImbalanceProblem2002,
  title = {The Class Imbalance Problem: A Systematic Study},
  author = {Japkowicz, Nathalie and Stephen, Shaju},
  year = {2002},
  journal = {Intelligent Data Analysis},
  volume = {6},
  number = {5},
  doi = {10.3233/IDA-2002-6504}
}

@inproceedings{jawaharWhatDoesBERT2019,
  title = {What Does {{BERT}} Learn about the Structure of Language?},
  booktitle = {Proceedings of the 57th {{Annual Meeting}} of the {{Association}} for {{Computational Linguistics}}},
  author = {Jawahar, Ganesh and Sagot, Benoît and Seddah, Djamé},
  year = {2019},
  publisher = {{Association for Computational Linguistics}},
  address = {{Florence, Italy}},
  doi = {10.18653/v1/P19-1356},
  urldate = {2023-01-29}
}

@inproceedings{jinDatadrivenApproachPredict2015,
  title = {A Data-Driven Approach to Predict Default Risk of Loan for Online Peer-to-Peer ({{P2P}}) Lending},
  booktitle = {2015 {{Fifth International Conference}} on {{Communication Systems}} and {{Network Technologies}}},
  author = {Jin, Yu and Zhu, Yudan},
  year = {2015},
  doi = {10.1109/CSNT.2015.25}
}

@misc{jinPruningEffectGeneralization2022,
  title = {Pruning's Effect on Generalization through the Lens of Training and Regularization},
  author = {Jin, Tian and Carbin, Michael and Roy, Daniel M. and Frankle, Jonathan and Dziugaite, Gintare Karolina},
  year = {2022},
  number = {arXiv:2210.13738},
  eprint = {2210.13738},
  publisher = {{arXiv}},
  urldate = {2023-01-15},
  archiveprefix = {arxiv}
}

@article{johnsonSurveyDeepLearning2019,
  title = {Survey on Deep Learning with Class Imbalance},
  author = {Johnson, Justin M. and Khoshgoftaar, Taghi M.},
  year = {2019},
  journal = {Journal of Big Data},
  volume = {6},
  number = {1},
  doi = {10.1186/s40537-019-0192-5},
  urldate = {2022-11-09}
}

@misc{josseConsistencySupervisedLearning2020,
  title = {On the Consistency of Supervised Learning with Missing Values},
  author = {Josse, Julie and Prost, Nicolas and Scornet, Erwan and Varoquaux, Gaël},
  year = {2020},
  number = {arXiv:1902.06931},
  eprint = {1902.06931},
  publisher = {{arXiv}},
  archiveprefix = {arxiv}
}

@article{jurkatisInferringTradeDirections2022,
  title = {Inferring Trade Directions in Fast Markets},
  author = {Jurkatis, Simon},
  year = {2022},
  journal = {Journal of Financial Markets},
  volume = {58},
  doi = {10.1016/j.finmar.2021.100635}
}

@article{kadanBoundExpectedStock2020,
  title = {A Bound on Expected Stock Returns},
  author = {Kadan, Ohad and Tang, Xiaoxiao},
  editor = {Van Nieuwerburgh, Stijn},
  year = {2020},
  journal = {The Review of Financial Studies},
  volume = {33},
  number = {4},
  doi = {10.1093/rfs/hhz075}
}

@inproceedings{kadraWelltunedSimpleNets2021,
  title = {Well-Tuned Simple Nets Excel on Tabular Datasets},
  booktitle = {{{NeurIPS}} 2021},
  author = {Kadra, Arlind and Lindauer, Marius and Hutter, Frank and Grabocka, Josif},
  year = {2021},
  volume = {34},
  publisher = {{Curran Associates, Inc.}}
}

@article{kaufmanLeakageDataMining2012,
  title = {Leakage in Data Mining: Formulation, Detection, and Avoidance},
  author = {Kaufman, Shachar and Rosset, Saharon and Perlich, Claudia and Stitelman, Ori},
  year = {2012},
  journal = {ACM Transactions on Knowledge Discovery from Data},
  volume = {6},
  number = {4},
  doi = {10.1145/2382577.2382579},
  urldate = {2023-02-24}
}

@article{kavajeczPackagingLiquidityBlind2005,
  title = {Packaging Liquidity: Blind Auctions and Transaction Efficiencies},
  author = {Kavajecz, Kenneth A. and Keim, Donald B.},
  year = {2005},
  journal = {The Journal of Financial and Quantitative Analysis},
  volume = {40},
  number = {3},
  eprint = {27647208},
  eprinttype = {jstor},
  publisher = {{Cambridge University Press}},
  doi = {10.1017/S0022109000001836},
  urldate = {2023-04-09}
}

@inproceedings{keLightGBMHighlyEfficient2017,
  title = {{{LightGBM}}: A Highly Efficient Gradient Boosting Decision Tree},
  booktitle = {Advances in {{Neural Information Processing Systems}}},
  author = {Ke, Guolin and Meng, Qi and Finley, Thomas and Wang, Taifeng and Chen, Wei and Ma, Weidong and Ye, Qiwei and Liu, Tie-Yan},
  year = {2017},
  volume = {30},
  publisher = {{Curran Associates, Inc.}},
  urldate = {2022-12-15}
}

@article{kellyCharacteristicsAreCovariances2019,
  title = {Characteristics Are Covariances: A Unified Model of Risk and Return},
  author = {Kelly, Bryan T. and Pruitt, Seth and Su, Yinan},
  year = {2019},
  journal = {Journal of Financial Economics},
  volume = {134},
  number = {3},
  doi = {10.1016/j.jfineco.2019.05.001}
}

@article{keskarLargeBatchTrainingDeep2017,
  title = {On Large-Batch Training for Deep Learning: Generalization Gap and Sharp Minima},
  author = {Keskar, Nitish Shirish and Mudigere, Dheevatsa and Nocedal, Jorge and Smelyanskiy, Mikhail and Tang, Ping Tak Peter},
  year = {2017},
  journal = {arXiv: 1609.04836},
  eprint = {1609.04836},
  archiveprefix = {arxiv}
}

@article{khorramEndtoendCNNLSTM2021,
  title = {End-to-End {{CNN}} + {{LSTM}} Deep Learning Approach for Bearing Fault Diagnosis},
  author = {Khorram, Amin and Khalooei, Mohammad and Rezghi, Mansoor},
  year = {2021},
  journal = {Applied Intelligence},
  volume = {51},
  number = {2},
  doi = {10.1007/s10489-020-01859-1},
  urldate = {2022-05-03}
}

@article{kichererSeamlesslyPortableApplications2012,
  title = {Seamlessly Portable Applications: Managing the Diversity of Modern Heterogeneous Systems},
  author = {Kicherer, Mario and Nowak, Fabian and Buchty, Rainer and Karl, Wolfgang},
  year = {2012},
  journal = {ACM Transactions on Architecture and Code Optimization},
  volume = {8},
  number = {4},
  doi = {10.1145/2086696.2086721},
  urldate = {2021-02-20}
}

@misc{kitaevReformerEfficientTransformer2020,
  title = {Reformer: The Efficient Transformer},
  author = {Kitaev, Nikita and Kaiser, Łukasz and Levskaya, Anselm},
  year = {2020},
  number = {arXiv:2001.04451},
  eprint = {2001.04451},
  publisher = {{arXiv}},
  urldate = {2023-01-16},
  archiveprefix = {arxiv}
}

@misc{klingenbrunnTransformerImplementationTimeseries2021,
  title = {Transformer Implementation for Time-Series Forecasting},
  author = {Klingenbrunn, Natasha},
  year = {2021},
  journal = {MLearning.ai},
  urldate = {2021-11-06}
}

@inproceedings{kossenSelfAttentionDatapointsGoing2021,
  title = {Self-Attention between Datapoints: Going beyond Individual Input-Output Pairs in Deep Learning},
  booktitle = {Advances in {{Neural Information Processing Systems}}},
  author = {Kossen, Jannik and Band, Neil and Lyle, Clare and Gomez, Aidan N and Rainforth, Thomas and Gal, Yarin},
  year = {2021},
  volume = {34},
  publisher = {{Curran Associates, Inc.}}
}

@article{kraussDeepNeuralNetworks2017,
  title = {Deep Neural Networks, Gradient-Boosted Trees, Random Forests: Statistical Arbitrage on the {{S}}\&{{P}} 500},
  author = {Krauss, Christopher and Do, Xuan Anh and Huck, Nicolas},
  year = {2017},
  journal = {European Journal of Operational Research},
  volume = {259},
  number = {2},
  doi = {10.1016/j.ejor.2016.10.031}
}

@article{krogerKapitelOutlierDetection,
  title = {{Kapitel 6: outlier detection}},
  author = {Kröger, Peer and Zimek, Arthur}
}

@article{kuhlHumanVsSupervised2020,
  title = {Human vs. Supervised Machine Learning: Who Learns Patterns Faster?},
  author = {Kühl, Niklas and Goutier, Marc and Baier, Lucas and Wolff, Clemens and Martin, Dominik},
  year = {2020},
  journal = {arXiv:2012.03661 [cs]},
  eprint = {2012.03661},
  urldate = {2021-11-27},
  archiveprefix = {arxiv}
}

@book{kuhnFeatureEngineeringSelection2020,
  title = {Feature Engineering and Selection: A Practical Approach for Predictive Models},
  author = {Kuhn, Max and Johnson, Kjell},
  year = {2020},
  volume = {74},
  publisher = {{Chapman and Hall/CRC}},
  address = {{Boca Raton, FL}}
}

@article{lambertonIntroductionStochasticCalculus,
  title = {Introduction to Stochastic Calculus Applied to Finance, Second Edition},
  author = {Lamberton, Damien and Lapeyre, Bernard}
}

@misc{lampleLargeMemoryLayers2019,
  title = {Large Memory Layers with Product Keys},
  author = {Lample, Guillaume and Sablayrolles, Alexandre and Ranzato, Marc'Aurelio and Denoyer, Ludovic and Jégou, Hervé},
  year = {2019},
  number = {arXiv:1907.05242},
  eprint = {1907.05242},
  publisher = {{arXiv}},
  urldate = {2023-01-16},
  archiveprefix = {arxiv}
}

@incollection{lecunEfficientBackProp2012,
  title = {Efficient {{BackProp}}},
  booktitle = {Neural {{Networks}}: {{Tricks}} of the {{Trade}}},
  author = {LeCun, Yann A. and Bottou, Léon and Orr, Genevieve B. and Müller, Klaus-Robert},
  editor = {Montavon, Grégoire and Orr, Geneviève B. and Müller, Klaus-Robert},
  year = {2012},
  volume = {7700},
  publisher = {{Springer Berlin Heidelberg}},
  address = {{Berlin, Heidelberg}},
  doi = {10.1007/978-3-642-35289-8_3}
}

@article{leeInferringInvestorBehavior2000,
  title = {Inferring Investor Behavior: Evidence from {{TORQ}} Data},
  author = {Lee, Charles and Radhakrishna, Balkrishna},
  year = {2000},
  journal = {Journal of Financial Markets},
  volume = {3},
  number = {2},
  doi = {10.1016/S1386-4181(00)00002-1}
}

@article{leeInferringTradeDirection1991,
  title = {Inferring Trade Direction from Intraday Data},
  author = {Lee, Charles and Ready, Mark J.},
  year = {1991},
  journal = {The Journal of Finance},
  volume = {46},
  number = {2},
  doi = {10.1111/j.1540-6261.1991.tb02683.x}
}

@article{leeMarketIntegrationPrice1993,
  title = {Market Integration and Price Execution for {{NYSE-listed}} Securities},
  author = {Lee, Charles},
  year = {1993},
  journal = {The Journal of Finance},
  volume = {48},
  number = {3},
  doi = {10.1111/j.1540-6261.1993.tb04028.x},
  urldate = {2023-02-25}
}

@article{leePseudolabelSimpleEfficient,
  title = {Pseudo-Label: The Simple and Efficient Semi-Supervised Learning Method for Deep Neural Networks},
  author = {Lee, Dong-Hyun},
  year = {2013}
}

@inproceedings{leeSetTransformerFramework2019,
  title = {Set Transformer: A Framework for Attention-Based Permutation-Invariant Neural Networks},
  booktitle = {Proceedings of the 36th {{International Conference}} on {{Machine Learning}}},
  author = {Lee, Juho and Lee, Yoonho and Kim, Jungtaek and Kosiorek, Adam and Choi, Seungjin and Teh, Yee Whye},
  year = {2019},
  publisher = {{PMLR}},
  urldate = {2023-04-20}
}

@article{leitchEconomicForecastEvaluation1991,
  title = {Economic Forecast Evaluation: Profits versus the Conventional Error Measures},
  author = {Leitch, Gordon and Tanner, J. Ernest},
  year = {1991},
  journal = {The American Economic Review},
  volume = {81},
  number = {3},
  eprint = {2006520},
  eprinttype = {jstor},
  publisher = {{American Economic Association}},
  urldate = {2021-12-22}
}

@inproceedings{lemorvanWhatGoodImputation2021,
  title = {What’s a Good Imputation to Predict with Missing Values?},
  booktitle = {Advances in {{Neural Information Processing Systems}}},
  author = {Le Morvan, Marine and Josse, Julie and Scornet, Erwan and Varoquaux, Gael},
  year = {2021},
  volume = {34},
  publisher = {{Curran Associates, Inc.}}
}

@misc{levinTransferLearningDeep2022,
  title = {Transfer Learning with Deep Tabular Models},
  author = {Levin, Roman and Cherepanova, Valeriia and Schwarzschild, Avi and Bansal, Arpit and Bruss, C. Bayan and Goldstein, Tom and Wilson, Andrew Gordon and Goldblum, Micah},
  year = {2022},
  number = {arXiv:2206.15306},
  eprint = {2206.15306},
  publisher = {{arXiv}},
  archiveprefix = {arxiv}
}

@inproceedings{liangFactorizationMeetsItem2016,
  title = {Factorization Meets the Item Embedding: Regularizing Matrix Factorization with Item Co-Occurrence},
  booktitle = {Proceedings of the 10th {{ACM Conference}} on {{Recommender Systems}}},
  author = {Liang, Dawen and Altosaar, Jaan and Charlin, Laurent and Blei, David M.},
  year = {2016},
  publisher = {{ACM}},
  address = {{Boston Massachusetts USA}},
  doi = {10.1145/2959100.2959182},
  urldate = {2021-05-04}
}

@article{liINVESTABLEINTERPRETABLEMACHINE,
  title = {Investable and Interpretable Machine Learning for Equities},
  author = {Li, Yimou and Simon, Zachary and Turkington, David}
}

@article{Lillo_2003,
  title = {Econophysics: Master Curve for Price-Impact Function.},
  author = {Lillo, Fabrizio and Farmer, J. Doyne and Mantegna, Rosario N.},
  year = {2003},
  journal = {Nature},
  doi = {10.1038/421129a},
  mag_id = {2078237894},
  pmcid = {null},
  pmid = {12520292}
}

@article{linnainmaaHistoryCrossSection,
  title = {The History of the Cross Section of Stock Returns},
  author = {Linnainmaa, Juhani T and Roberts, Michael}
}

@article{linnainmaaWeatherTimeSeries2009,
  title = {Weather and Time Series Determinants of Liquidity in a Limit Order Market},
  author = {Linnainmaa, Juhani T. and Rosu, Ioanid},
  year = {2009},
  journal = {null},
  doi = {10.2139/ssrn.1108862},
  mag_id = {1595367183},
  pmcid = {null},
  pmid = {null}
}

@misc{linSurveyTransformers2021,
  title = {A Survey of Transformers},
  author = {Lin, Tianyang and Wang, Yuxin and Liu, Xiangyang and Qiu, Xipeng},
  year = {2021},
  number = {arXiv:2106.04554},
  eprint = {2106.04554},
  publisher = {{arXiv}},
  urldate = {2022-12-04},
  archiveprefix = {arxiv}
}

@article{linWhyOptionsPrices2015,
  title = {Why Do Options Prices Predict Stock Returns? {{Evidence}} from Analyst Tipping},
  author = {Lin, Tse-Chun and Lu, Xiaolong},
  year = {2015},
  journal = {Journal of Banking \& Finance},
  volume = {52},
  doi = {10.1016/j.jbankfin.2014.11.008},
  urldate = {2022-07-12}
}

@misc{liptonMythosModelInterpretability2017,
  title = {The Mythos of Model Interpretability},
  author = {Lipton, Zachary C.},
  year = {2017},
  number = {arXiv:1606.03490},
  eprint = {1606.03490},
  publisher = {{arXiv}},
  urldate = {2023-02-21},
  archiveprefix = {arxiv}
}

@article{littleStatisticalAnalysisMissing,
  title = {Statistical Analysis with Missing Data},
  author = {Little, Roderick J A and {Rubin, Donald}},
  doi = {10.1002/9781119013563}
}

@article{littlestoneWeightedMajorityAlgorithm,
  title = {The Weighted Majority Algorithm},
  author = {Littlestone, Nick and Warmuth, Manfred K},
  journal = {. Introduction}
}

@article{liuDataQualityProblems2020,
  title = {Data Quality Problems Troubling Business and Financial Researchers: A Literature Review and Synthetic Analysis},
  author = {Liu, Grace},
  year = {2020},
  journal = {Journal of Business \& Finance Librarianship},
  volume = {25},
  number = {3-4},
  doi = {10.1080/08963568.2020.1847555},
  urldate = {2021-10-29}
}

@misc{liuMonolithRealTime2022,
  title = {Monolith: Real Time Recommendation System with Collisionless Embedding Table},
  author = {Liu, Zhuoran and Zou, Leqi and Zou, Xuan and Wang, Caihua and Zhang, Biao and Tang, Da and Zhu, Bolin and Zhu, Yijie and Wu, Peng and Wang, Ke and Cheng, Youlong},
  year = {2022},
  number = {arXiv:2209.07663},
  eprint = {2209.07663},
  publisher = {{arXiv}},
  urldate = {2022-11-01},
  archiveprefix = {arxiv}
}

@misc{liuPayAttentionMlps2021,
  title = {Pay Attention to Mlps},
  author = {Liu, Hanxiao and Dai, Zihang and So, David R. and Le, Quoc V.},
  year = {2021},
  number = {arXiv:2105.08050},
  eprint = {2105.08050},
  publisher = {{arXiv}},
  urldate = {2022-12-07},
  archiveprefix = {arxiv}
}

@inproceedings{liuRelatedPinsPinterest2017,
  title = {Related Pins at Pinterest: The Evolution of a Real-World Recommender System},
  booktitle = {Proceedings of the 26th {{International Conference}} on {{World Wide Web Companion}} - {{WWW}} '17 {{Companion}}},
  author = {Liu, David C. and Rogers, Stephanie and Shiau, Raymond and Kislyuk, Dmitry and Ma, Kevin C. and Zhong, Zhigang and Liu, Jenny and Jing, Yushi},
  year = {2017},
  publisher = {{ACM Press}},
  address = {{Perth, Australia}},
  doi = {10.1145/3041021.3054202}
}

@inproceedings{liuRethinkingSkipConnection2020,
  title = {Rethinking Skip Connection with Layer Normalization},
  booktitle = {Proceedings of the 28th {{International Conference}} on {{Computational Linguistics}}},
  author = {Liu, Fenglin and Ren, Xuancheng and Zhang, Zhiyuan and Sun, Xu and Zou, Yuexian},
  year = {2020},
  publisher = {{International Committee on Computational Linguistics}},
  address = {{Barcelona, Spain (Online)}},
  doi = {10.18653/v1/2020.coling-main.320}
}

@misc{liuRoBERTaRobustlyOptimized2019,
  title = {Roberta: A Robustly Optimized Bert Pretraining Approach},
  author = {Liu, Yinhan and Ott, Myle and Goyal, Naman and Du, Jingfei and Joshi, Mandar and Chen, Danqi and Levy, Omer and Lewis, Mike and Zettlemoyer, Luke and Stoyanov, Veselin},
  year = {2019},
  number = {arXiv:1907.11692},
  eprint = {1907.11692},
  publisher = {{arXiv}},
  urldate = {2023-01-13},
  archiveprefix = {arxiv}
}

@inproceedings{liuSTAMPShorttermAttention2018,
  title = {{{STAMP}}: Short-Term Attention/Memory Priority Model for Session-Based Recommendation},
  booktitle = {Proceedings of the 24th {{ACM SIGKDD International Conference}} on {{Knowledge Discovery}} \& {{Data Mining}}},
  author = {Liu, Qiao and Zeng, Yifu and Mokhosi, Refuoe and Zhang, Haibin},
  year = {2018},
  publisher = {{ACM}},
  address = {{London United Kingdom}},
  doi = {10.1145/3219819.3219950},
  urldate = {2021-05-04}
}

@misc{liuUnderstandingDifficultyTraining2020,
  title = {Understanding the Difficulty of Training Transformers},
  author = {Liu, Liyuan and Liu, Xiaodong and Gao, Jianfeng and Chen, Weizhu and Han, Jiawei},
  year = {2020},
  number = {arXiv:2004.08249},
  eprint = {2004.08249},
  publisher = {{arXiv}},
  urldate = {2023-01-14},
  archiveprefix = {arxiv}
}

@misc{liuVarianceAdaptiveLearning2021,
  title = {On the Variance of the Adaptive Learning Rate and Beyond},
  author = {Liu, Liyuan and Jiang, Haoming and He, Pengcheng and Chen, Weizhu and Liu, Xiaodong and Gao, Jianfeng and Han, Jiawei},
  year = {2021},
  number = {arXiv:1908.03265},
  eprint = {1908.03265},
  publisher = {{arXiv}},
  urldate = {2023-01-09},
  archiveprefix = {arxiv}
}

@article{Lo_2002,
  title = {Econometric Models of Limit-Order Executions},
  author = {Lo, Andrew W. and MacKinlay, A. Craig and Zhang, June},
  year = {2002},
  journal = {Journal of Financial Economics},
  doi = {10.1016/s0304-405x(02)00134-4},
  mag_id = {2041147733},
  pmcid = {null},
  pmid = {null}
}

@misc{lonesHowAvoidMachine2022,
  title = {How to Avoid Machine Learning Pitfalls: A Guide for Academic Researchers},
  author = {Lones, Michael A.},
  year = {2022},
  number = {arXiv:2108.02497},
  eprint = {2108.02497},
  publisher = {{arXiv}},
  urldate = {2022-11-06},
  archiveprefix = {arxiv}
}

@book{lopezdepradoAdvancesFinancialMachine2018,
  title = {Advances in Financial Machine Learning},
  author = {{López de Prado}, Marcos},
  year = {2018},
  publisher = {{Wiley}},
  address = {{Hoboken, NJ}}
}

@misc{loshchilovDecoupledWeightDecay2019,
  title = {Decoupled Weight Decay Regularization},
  author = {Loshchilov, Ilya and Hutter, Frank},
  year = {2019},
  number = {arXiv:1711.05101},
  eprint = {1711.05101},
  publisher = {{arXiv}},
  urldate = {2023-01-09},
  archiveprefix = {arxiv}
}

@misc{loshchilovSGDRStochasticGradient2017,
  title = {{{SGDR}}: Stochastic Gradient Descent with Warm Restarts},
  author = {Loshchilov, Ilya and Hutter, Frank},
  year = {2017},
  number = {arXiv:1608.03983},
  eprint = {1608.03983},
  publisher = {{arXiv}},
  archiveprefix = {arxiv}
}

@article{ludewigEvaluationSessionbasedRecommendation2018,
  title = {Evaluation of Session-Based Recommendation Algorithms},
  author = {Ludewig, Malte and Jannach, Dietmar},
  year = {2018},
  journal = {User Modeling and User-Adapted Interaction},
  volume = {28},
  number = {4-5},
  eprint = {1803.09587},
  doi = {10.1007/s11257-018-9209-6},
  urldate = {2021-04-22},
  archiveprefix = {arxiv}
}

@misc{lundbergConsistentIndividualizedFeature2019,
  title = {Consistent Individualized Feature Attribution for Tree Ensembles},
  author = {Lundberg, Scott M. and Erion, Gabriel G. and Lee, Su-In},
  year = {2019},
  number = {arXiv:1802.03888},
  eprint = {1802.03888},
  publisher = {{arXiv}},
  archiveprefix = {arxiv}
}

@inproceedings{lundbergUnifiedApproachInterpreting2017,
  title = {A Unified Approach to Interpreting Model Predictions},
  booktitle = {Proceedings of the 31st {{International Conference}} on {{Neural Information Processing Systems}}},
  author = {Lundberg, Scott M. and Lee, Su-In},
  year = {2017},
  series = {{{NeurIPS}} 2017},
  volume = {31},
  publisher = {{Curran Associates, Inc.}},
  address = {{Long Beach, CA}}
}

@inproceedings{luoCollaborativeSelfattentionNetwork2020,
  title = {Collaborative Self-Attention Network for Session-Based Recommendation},
  booktitle = {Proceedings of the {{Twenty-Ninth International Joint Conference}} on {{Artificial Intelligence}}},
  author = {Luo, Anjing and Zhao, Pengpeng and Liu, Yanchi and Zhuang, Fuzhen and Wang, Deqing and Xu, Jiajie and Fang, Junhua and Sheng, Victor S.},
  year = {2020},
  publisher = {{International Joint Conferences on Artificial Intelligence Organization}},
  address = {{Yokohama, Japan}},
  doi = {10.24963/ijcai.2020/359},
  urldate = {2021-04-19}
}

@misc{MachineLearningHow,
  title = {Machine Learning - How to Intuitively Explain What a Kernel Is?},
  journal = {Cross Validated},
  urldate = {2021-08-14},
  howpublished = {https://stats.stackexchange.com/questions/152897/how-to-intuitively-explain-what-a-kernel-is}
}

@misc{malininUncertaintyGradientBoosting2021,
  title = {Uncertainty in Gradient Boosting via Ensembles},
  author = {Malinin, Andrey and Prokhorenkova, Liudmila and Ustimenko, Aleksei},
  year = {2021},
  number = {arXiv:2006.10562},
  eprint = {2006.10562},
  publisher = {{arXiv}},
  urldate = {2022-12-03},
  archiveprefix = {arxiv}
}

@article{mallapragadaSemiBoostBoostingSemiSupervised2009,
  title = {{{SemiBoost}}: Boosting for Semi-Supervised Learning},
  author = {Mallapragada, P.K. and {Rong Jin} and Jain, A.K. and {Yi Liu}},
  year = {2009},
  journal = {IEEE Transactions on Pattern Analysis and Machine Intelligence},
  volume = {31},
  number = {11},
  doi = {10.1109/TPAMI.2008.235},
  urldate = {2023-04-23}
}

@article{Manaster_1982,
  title = {Option Prices as Predictors of Equilibrium Stock Prices},
  author = {Manaster, Steven and Rendleman, Richard J.},
  year = {1982},
  journal = {Journal of Finance},
  doi = {10.1111/j.1540-6261.1982.tb03597.x},
  mag_id = {2096808000},
  pmcid = {null},
  pmid = {null}
}

@article{mankowitzFasterSortingAlgorithms,
  title = {Faster Sorting Algorithms Discovered Using Deep Reinforcement Learning},
  author = {Mankowitz, Daniel J}
}

@article{maraisDeepLearningTabular,
  title = {Deep Learning for Tabular Data: An Exploratory Study},
  author = {Marais, Jan André}
}

@book{martinEconometricModellingTime2012,
  title = {Econometric Modelling with Time Series: Specification, Estimation and Testing},
  author = {Martin, Vance and Hurn, Stan and Harris, David},
  year = {2012},
  publisher = {{Cambridge University Press}},
  address = {{Cambridge}},
  doi = {10.1017/CBO9781139043205},
  urldate = {2020-12-12}
}

@techreport{martinMarketEfficiencyAge2019,
  title = {Market Efficiency in the Age of Big Data},
  author = {Martin, Ian and Nagel, Stefan},
  year = {2019},
  number = {w26586},
  address = {{Cambridge, MA}},
  institution = {{National Bureau of Economic Research}},
  doi = {10.3386/w26586},
  urldate = {2021-11-03}
}

@article{martinWhatExpectedReturn2016,
  title = {What Is the Expected Return on the Market?},
  author = {Martin, Ian},
  year = {2016},
  journal = {SSRN Electronic Journal},
  doi = {10.2139/ssrn.2772101}
}

@article{martinWhatExpectedReturn2019,
  title = {What Is the Expected Return on a Stock?},
  author = {Martin, Ian and Wagner, Christian},
  year = {2019},
  journal = {The Journal of Finance},
  volume = {74},
  number = {4},
  doi = {10.1111/jofi.12778}
}

@article{matthewsComparisonPredictedObserved1975,
  title = {Comparison of the Predicted and Observed Secondary Structure of {{T4}} Phage Lysozyme},
  author = {Matthews, B.W.},
  year = {1975},
  journal = {Biochimica et Biophysica Acta (BBA) - Protein Structure},
  volume = {405},
  number = {2},
  doi = {10.1016/0005-2795(75)90109-9},
  urldate = {2023-03-12}
}

@article{mcnemarNoteSamplingError1947,
  title = {Note on the Sampling Error of the Difference between Correlated Proportions or Percentages},
  author = {McNemar, Quinn},
  year = {1947},
  journal = {Psychometrika},
  volume = {12},
  number = {2},
  doi = {10.1007/BF02295996},
  urldate = {2023-06-11}
}

@article{measeBoostedClassificationTrees,
  title = {Boosted Classification Trees and Class Probability/Quantile Estimation},
  author = {Mease, David and Wyner, Abraham J and Buja, Andreas}
}

@misc{melisStateArtEvaluation2017,
  title = {On the State of the Art of Evaluation in Neural Language Models},
  author = {Melis, Gábor and Dyer, Chris and Blunsom, Phil},
  year = {2017},
  number = {arXiv:1707.05589},
  eprint = {1707.05589},
  publisher = {{arXiv}},
  urldate = {2022-10-26},
  archiveprefix = {arxiv}
}

@misc{meyesAblationStudiesArtificial2019,
  title = {Ablation Studies in Artificial Neural Networks},
  author = {Meyes, Richard and Lu, Melanie and {de Puiseau}, Constantin Waubert and Meisen, Tobias},
  year = {2019},
  number = {arXiv:1901.08644},
  eprint = {1901.08644},
  publisher = {{arXiv}},
  urldate = {2022-12-15},
  archiveprefix = {arxiv}
}

@inproceedings{michelAreSixteenHeads2019,
  title = {Are Sixteen Heads Really Better than One?},
  booktitle = {Advances in {{Neural Information Processing Systems}}},
  author = {Michel, Paul and Levy, Omer and Neubig, Graham},
  year = {2019},
  volume = {32},
  publisher = {{Curran Associates, Inc.}},
  urldate = {2023-01-12}
}

@inproceedings{mikolovLinguisticRegularitiesContinuous2013,
  title = {Linguistic Regularities in Continuous Space Word Representations},
  booktitle = {Proceedings of the 2013 {{Conference}} of the {{North American Chapter}} of the {{Association}} for {{Computational Linguistics}}: {{Human Language Technologies}}},
  author = {Mikolov, Tomas and Yih, Wen-tau and Zweig, Geoffrey},
  year = {2013},
  publisher = {{Association for Computational Linguistics}},
  address = {{Atlanta, Georgia}},
  urldate = {2023-01-10}
}

@misc{mirzaeiHowUseDeepLearning2019,
  title = {How to Use Deep-Learning for Feature-Selection, Python, Keras},
  author = {Mirzaei, Ali},
  year = {2019},
  journal = {Medium},
  urldate = {2021-11-05}
}

@article{mockusApplicationBayesianApproach1994,
  title = {Application of Bayesian Approach to Numerical Methods of Global and Stochastic Optimization},
  author = {Mockus, Jonas},
  year = {1994},
  journal = {Journal of Global Optimization},
  volume = {4},
  number = {4},
  doi = {10.1007/BF01099263}
}

@misc{modelerSHAPNotAll2023,
  type = {Substack Newsletter},
  title = {{{SHAP}} Is Not All You Need},
  author = {Modeler, Mindful},
  year = {2023},
  journal = {Mindful Modeler},
  urldate = {2023-03-26}
}

@article{mogharStockMarketPrediction2020,
  title = {Stock Market Prediction Using {{LSTM}} Recurrent Neural Network},
  author = {Moghar, Adil and Hamiche, Mhamed},
  year = {2020},
  journal = {Procedia Computer Science},
  volume = {170},
  doi = {10.1016/j.procs.2020.03.049},
  urldate = {2022-07-12}
}

@misc{molnarRelatingPartialDependence2021,
  title = {Relating the Partial Dependence Plot and Permutation Feature Importance to the Data Generating Process},
  author = {Molnar, Christoph and Freiesleben, Timo and König, Gunnar and Casalicchio, Giuseppe and Wright, Marvin N. and Bischl, Bernd},
  year = {2021},
  number = {arXiv:2109.01433},
  eprint = {2109.01433},
  publisher = {{arXiv}},
  urldate = {2023-02-08},
  archiveprefix = {arxiv}
}

@article{muravyevOptionsTradingCosts2020,
  title = {Options Trading Costs Are Lower than You Think},
  author = {Muravyev, Dmitriy and Pearson, Neil D},
  editor = {Van Nieuwerburgh, Stijn},
  year = {2020},
  journal = {The Review of Financial Studies},
  volume = {33},
  number = {11},
  doi = {10.1093/rfs/hhaa010},
  urldate = {2023-02-25}
}

@article{muravyevOrderFlowExpected2016,
  title = {Order Flow and Expected Option Returns: Order Flow and Expected Option Returns},
  author = {Muravyev, Dmitriy},
  year = {2016},
  journal = {The Journal of Finance},
  volume = {71},
  number = {2},
  doi = {10.1111/jofi.12380}
}

@article{nabiNovelApproachStock2020,
  title = {A Novel Approach for Stock Price Prediction Using Gradient Boosting Machine with Feature Engineering ({{GBM-wFE}})},
  author = {Nabi, Rebwar M. and Ab. M. Saeed, Soran and Harron, Habibollah},
  year = {2020},
  journal = {Kurdistan Journal of Applied Research},
  volume = {5},
  number = {1},
  doi = {10.24017/science.2020.1.3},
  urldate = {2022-05-06}
}

@book{nagelMachineLearningAsset2021,
  title = {Machine Learning in Asset Pricing},
  author = {Nagel, Stefan},
  year = {2021}
}

@misc{narangTransformerModificationsTransfer2021,
  title = {Do Transformer Modifications Transfer across Implementations and Applications?},
  author = {Narang, Sharan and Chung, Hyung Won and Tay, Yi and Fedus, William and Fevry, Thibault and Matena, Michael and Malkan, Karishma and Fiedel, Noah and Shazeer, Noam and Lan, Zhenzhong and Zhou, Yanqi and Li, Wei and Ding, Nan and Marcus, Jake and Roberts, Adam and Raffel, Colin},
  year = {2021},
  number = {arXiv:2102.11972},
  eprint = {2102.11972},
  publisher = {{arXiv}},
  urldate = {2023-01-16},
  archiveprefix = {arxiv}
}

@misc{nasdaqincFrequentlyAskedQuestions2017,
  title = {Frequently Asked Questions {{ISE}} Open/Close Trade Profile {{GEMX}} Open/Close Trade Profile},
  author = {{Nasdaq Inc.}},
  year = {2017},
  urldate = {2023-03-03}
}

@incollection{nelsonMachineLearningStrategic2023,
  title = {Machine Learning for Strategic Trade Analysis},
  booktitle = {Methods of {{Strategic Trade Analysis}}: {{Data-Driven Approaches}} to {{Detect Illicit Dual-Use Trade}}},
  author = {Nelson, Christopher},
  editor = {Nelson, Christopher},
  year = {2023},
  series = {Advanced {{Sciences}} and {{Technologies}} for {{Security Applications}}},
  publisher = {{Springer International Publishing}},
  address = {{Cham}},
  doi = {10.1007/978-3-031-20036-6_10},
  urldate = {2022-12-29}
}

@misc{NetflixUpdateTry,
  title = {Netflix Update: Try This at Home},
  urldate = {2021-04-20},
  howpublished = {https://sifter.org/\textasciitilde simon/journal/20061211.html}
}

@incollection{neumannMotivatingSupportingUser2007,
  title = {Motivating and Supporting User Interaction with Recommender Systems},
  booktitle = {Research and {{Advanced Technology}} for {{Digital Libraries}}},
  author = {Neumann, Andreas W.},
  editor = {Kovács, László and Fuhr, Norbert and Meghini, Carlo},
  year = {2007},
  volume = {4675},
  publisher = {{Springer Berlin Heidelberg}},
  address = {{Berlin, Heidelberg}},
  doi = {10.1007/978-3-540-74851-9_36},
  urldate = {2021-03-21}
}

@inproceedings{ngFeatureSelectionVs2004,
  title = {Feature Selection, \${{L}}\_1\$ vs. \${{L}}\_2\$ Regularization, and Rotational Invariance},
  booktitle = {Twenty-First International Conference on {{Machine}} Learning  - {{ICML}} '04},
  author = {Ng, Andrew Y.},
  year = {2004},
  publisher = {{ACM Press}},
  address = {{Banff, Alberta, Canada}},
  doi = {10.1145/1015330.1015435},
  urldate = {2023-01-28}
}

@article{nguyenTransformersTearsImproving2019,
  title = {Transformers without Tears: Improving the Normalization of Self-Attention},
  author = {Nguyen, Toan Q. and Salazar, Julian},
  year = {2019},
  eprint = {1910.05895},
  doi = {10.5281/zenodo.3525484},
  urldate = {2023-01-17},
  archiveprefix = {arxiv}
}

@article{ningShapleyVariableImportance2022,
  title = {Shapley Variable Importance Cloud for Interpretable Machine Learning},
  author = {Ning, Yilin and Ong, Marcus Eng Hock and Chakraborty, Bibhas and Goldstein, Benjamin Alan and Ting, Daniel Shu Wei and Vaughan, Roger and Liu, Nan},
  year = {2022},
  journal = {Patterns},
  volume = {3},
  number = {4},
  doi = {10.1016/j.patter.2022.100452},
  urldate = {2023-05-22}
}

@book{nisbetHandbookStatisticalAnalysis2009,
  title = {Handbook of Statistical Analysis and Data Mining Applications},
  author = {Nisbet, Robert and Elder, John F. and Miner, Gary},
  year = {2009},
  publisher = {{Academic Press/Elsevier}},
  address = {{Amsterdam ; Boston}}
}

@misc{noriAccuracyInterpretabilityDifferential2021,
  title = {Accuracy, Interpretability, and Differential Privacy via Explainable Boosting},
  author = {Nori, Harsha and Caruana, Rich and Bu, Zhiqi and Shen, Judy Hanwen and Kulkarni, Janardhan},
  year = {2021},
  number = {arXiv:2106.09680},
  eprint = {2106.09680},
  publisher = {{arXiv}},
  urldate = {2022-12-03},
  archiveprefix = {arxiv}
}

@inproceedings{nothmanStopWordLists2018,
  title = {Stop Word Lists in Free Open-Source Software Packages},
  booktitle = {Proceedings of {{Workshop}} for {{NLP Open Source Software}} ({{NLP-OSS}})},
  author = {Nothman, Joel and Qin, Hanmin and Yurchak, Roman},
  year = {2018},
  publisher = {{Association for Computational Linguistics}},
  address = {{Melbourne, Australia}},
  doi = {10.18653/v1/W18-2502},
  urldate = {2021-04-24}
}

@incollection{nowakAccuracyTradeClassification2020,
  title = {The Accuracy of Trade Classification Rules for the Selected {{CEE}} Stock Exchanges},
  booktitle = {Contemporary {{Trends}} and {{Challenges}} in {{Finance}}},
  author = {Nowak, Sabina},
  editor = {Jajuga, Krzysztof and {Locarek-Junge}, Hermann and Orlowski, Lucjan T. and Staehr, Karsten},
  year = {2020},
  publisher = {{Springer International Publishing}},
  address = {{Cham}},
  doi = {10.1007/978-3-030-43078-8_6},
  urldate = {2023-02-01}
}

@misc{ntakourisTimeSeriesTransformer2021,
  title = {The Time Series Transformer},
  author = {Ntakouris, Theodoros},
  year = {2021},
  journal = {Medium},
  urldate = {2021-11-06},
  howpublished = {https://towardsdatascience.com/the-time-series-transformer-2a521a0efad3}
}

@misc{Ochama,
  title = {Ochama},
  urldate = {2023-02-17},
  howpublished = {https://www.ochama.com/cart/}
}

@article{odders-whiteOccurrenceConsequencesInaccurate2000,
  title = {On the Occurrence and Consequences of Inaccurate Trade Classification},
  author = {{Odders-White}, Elizabeth R},
  year = {2000},
  journal = {Journal of Financial Markets},
  volume = {3},
  number = {3},
  doi = {10.1016/S1386-4181(00)00006-9}
}

@article{OHara_2001,
  title = {The Accuracy of Trade Classification Rules: Evidence from {{NASDAQ}}},
  author = {O'Hara, Maureen and Ellis, Katrina and Michaely, Roni},
  year = {2001},
  journal = {null},
  doi = {null},
  mag_id = {3121731372},
  pmcid = {null},
  pmid = {null}
}

@article{olbrysEvaluatingTradeSide2018,
  title = {Evaluating Trade Side Classification Algorithms Using Intraday Data from the Warsaw Stock Exchange},
  author = {Olbrys, Joanna and Mursztyn, Michał},
  year = {2018},
  publisher = {{Karlsruhe}},
  doi = {10.5445/KSP/1000085951/20},
  urldate = {2022-10-03},
  copyright = {Closed Access, Creative Commons Namensnennung – Weitergabe unter gleichen Bedingungen 4.0 International}
}

@misc{oliverRealisticEvaluationDeep2019,
  title = {Realistic Evaluation of Deep Semi-Supervised Learning Algorithms},
  author = {Oliver, Avital and Odena, Augustus and Raffel, Colin and Cubuk, Ekin D. and Goodfellow, Ian J.},
  year = {2019},
  number = {arXiv:1804.09170},
  eprint = {1804.09170},
  publisher = {{arXiv}},
  urldate = {2022-10-30},
  archiveprefix = {arxiv}
}

@misc{OptionTrades,
  title = {Option Trades},
  journal = {Cboe DataShop},
  urldate = {2022-11-08},
  howpublished = {https://datashop.cboe.com/option-trades}
}

@book{owenHyperparameterTuningPython2022,
  title = {Hyperparameter Tuning with Python},
  author = {Owen, Louis},
  year = {2022},
  publisher = {{PACKT PUBLISHING LIMITED}},
  address = {{S.l.}}
}

@article{panayidesBulkVolumeClassification2019,
  title = {Bulk Volume Classification and Information Detection},
  author = {Panayides, Marios A. and Shohfi, Thomas D. and Smith, Jared D.},
  year = {2019},
  journal = {Journal of Banking \& Finance},
  volume = {103},
  doi = {10.1016/j.jbankfin.2019.04.001}
}

@article{panayidesComparingTradeFlow2014,
  title = {Comparing Trade Flow Classification Algorithms in the Electronic Era: The Good, the Bad, and the Uninformative},
  author = {Panayides, Marios A. and Shohfi, Thomas and Smith, Jared D.},
  year = {2014},
  journal = {SSRN Electronic Journal},
  doi = {10.2139/ssrn.2503628}
}

@article{panInformationOptionVolume2006,
  title = {The Information in Option Volume for Future Stock Prices},
  author = {Pan, Jun and Poteshman, Allen M.},
  year = {2006},
  journal = {Review of Financial Studies},
  volume = {19},
  number = {3},
  doi = {10.1093/rfs/hhj024}
}

@inproceedings{parmarImageTransformer2018,
  title = {Image Transformer},
  booktitle = {Proceedings of the 35th {{International Conference}} on {{Machine Learning}}},
  author = {Parmar, Niki and Vaswani, Ashish and Uszkoreit, Jakob and Kaiser, Łukasz and Shazeer, Noam and Ku, Alexander and Tran, Dustin},
  year = {2018},
  publisher = {{PMLR}},
  urldate = {2023-01-18}
}

@inproceedings{paszkePyTorchImperativeStyle2019,
  title = {{{PyTorch}}: An Imperative Style, High-Performance Deep Learning Library},
  booktitle = {Proceedings of the 33rd {{International Conference}} on {{Neural Information Processing Systems}}},
  author = {Paszke, Adam and Gross, Sam and Massa, Francisco and Lerer, Adam and Bradbury, James and Chanan, Gregory and Killeen, Trevor and Lin, Zeming and Gimelshein, Natalia and Antiga, Luca and Desmaison, Alban and Kopf, Andreas and Yang, Edward and DeVito, Zachary and Raison, Martin and Tejani, Alykhan and Chilamkurthy, Sasank and Steiner, Benoit and Fang, Lu and Bai, Junjie and Chintala, Soumith},
  year = {2019},
  series = {{{NeurIPS}} 2019},
  volume = {32},
  publisher = {{Curran Associates, Inc.}},
  address = {{Red Hook, NY}}
}

@misc{patrignaniWhyShouldAnyone2021,
  title = {Why Should Anyone Use Colours? Or, Syntax Highlighting beyond Code Snippets},
  author = {Patrignani, Marco},
  year = {2021},
  number = {arXiv:2001.11334},
  eprint = {2001.11334},
  publisher = {{arXiv}},
  urldate = {2022-12-21},
  archiveprefix = {arxiv}
}

@misc{pedregosaScikitlearnMachineLearning2018,
  title = {Scikit-Learn: Machine Learning in Python},
  author = {Pedregosa, Fabian and Varoquaux, Gaël and Gramfort, Alexandre and Michel, Vincent and Thirion, Bertrand and Grisel, Olivier and Blondel, Mathieu and Müller, Andreas and Nothman, Joel and Louppe, Gilles and Prettenhofer, Peter and Weiss, Ron and Dubourg, Vincent and Vanderplas, Jake and Passos, Alexandre and Cournapeau, David and Brucher, Matthieu and Perrot, Matthieu and Duchesnay, Édouard},
  year = {2018},
  number = {arXiv:1201.0490},
  eprint = {1201.0490},
  publisher = {{arXiv}},
  urldate = {2022-10-13},
  archiveprefix = {arxiv}
}

@article{perez-lebelBenchmarkingMissingvaluesApproaches2022,
  title = {Benchmarking Missing-Values Approaches for Predictive Models on Health Databases},
  author = {{Perez-Lebel}, Alexandre and Varoquaux, Gaël and Le~Morvan, Marine and Josse, Julie and Poline, Jean-Baptiste},
  year = {2022},
  journal = {GigaScience},
  volume = {11},
  doi = {10.1093/gigascience/giac013}
}

@article{perlinPerformanceTickTest2014,
  title = {On the Performance of the Tick Test},
  author = {Perlin, Marcelo and Brooks, Chris and Dufour, Alfonso},
  year = {2014},
  journal = {The Quarterly Review of Economics and Finance},
  volume = {54},
  number = {1},
  doi = {10.1016/j.qref.2013.07.009}
}

@article{petersenMatrixCookbook,
  title = {The Matrix Cookbook},
  author = {Petersen, Kaare Brandt and Pedersen, Michael Syskind}
}

@article{petersenPostedEffectiveSpreads1994,
  title = {Posted versus Effective Spreads},
  author = {Petersen, Mitchell A. and Fialkowski, David},
  year = {1994},
  journal = {Journal of Financial Economics},
  volume = {35},
  number = {3},
  doi = {10.1016/0304-405X(94)90034-5},
  urldate = {2023-02-24}
}

@article{petersonEvaluationBiasesExecution2003,
  title = {Evaluation of the Biases in Execution Cost Estimation Using Trade and Quote Data},
  author = {Peterson, Mark and Sirri, Erik},
  year = {2003},
  journal = {Journal of Financial Markets},
  volume = {6},
  number = {3},
  doi = {10.1016/S1386-4181(02)00065-4}
}

@incollection{petitUNetTransformerSelf2021,
  title = {U-Net Transformer: Self and Cross Attention for Medical Image Segmentation},
  booktitle = {Machine {{Learning}} in {{Medical Imaging}}},
  author = {Petit, Olivier and Thome, Nicolas and Rambour, Clement and Themyr, Loic and Collins, Toby and Soler, Luc},
  editor = {Lian, Chunfeng and Cao, Xiaohuan and Rekik, Islem and Xu, Xuanang and Yan, Pingkun},
  year = {2021},
  volume = {12966},
  publisher = {{Springer International Publishing}},
  address = {{Cham}},
  doi = {10.1007/978-3-030-87589-3_28},
  urldate = {2023-01-20}
}

@misc{phuongFormalAlgorithmsTransformers2022,
  title = {Formal Algorithms for Transformers},
  author = {Phuong, Mary and Hutter, Marcus},
  year = {2022},
  publisher = {{arXiv}},
  doi = {http://www.hutter1.net/publ/transalg.pdf}
}

@article{Piwowar_2006,
  title = {The Sensitivity of Effective Spread Estimates to Trade–Quote Matching Algorithms},
  author = {Piwowar, Michael S. and Wei, Li},
  year = {2006},
  journal = {Electronic Markets},
  doi = {10.1080/10196780600643803},
  mag_id = {2013480621},
  pmcid = {null},
  pmid = {null}
}

@article{popelTrainingTipsTransformer2018,
  title = {Training Tips for the Transformer Model},
  author = {Popel, Martin and Bojar, Ondřej},
  year = {2018},
  journal = {The Prague Bulletin of Mathematical Linguistics},
  volume = {110},
  number = {1},
  eprint = {1804.00247},
  doi = {10.2478/pralin-2018-0002},
  urldate = {2022-12-31},
  archiveprefix = {arxiv}
}

@misc{popovNeuralObliviousDecision2019,
  title = {Neural {{Oblivious Decision Ensembles}} for {{Deep Learning}} on {{Tabular Data}}},
  author = {Popov, Sergei and Morozov, Stanislav and Babenko, Artem},
  year = {2019},
  number = {arXiv:1909.06312},
  eprint = {1909.06312},
  publisher = {{arXiv}},
  urldate = {2023-05-15},
  archiveprefix = {arxiv}
}

@article{poppeSensitivityVPINChoice2016,
  title = {The Sensitivity of Vpin to the Choice of Trade Classification Algorithm},
  author = {Pöppe, Thomas and Moos, Sebastian and Schiereck, Dirk},
  year = {2016},
  journal = {Journal of Banking \& Finance},
  volume = {73},
  doi = {10.1016/j.jbankfin.2016.08.006}
}

@article{porterProbabilityTradeAsk1992,
  title = {The Probability of a Trade at the Ask: An Examination of Interday and Intraday Behavior},
  author = {Porter, David C.},
  year = {1992},
  journal = {The Journal of Financial and Quantitative Analysis},
  volume = {27},
  number = {2},
  eprint = {2331368},
  eprinttype = {jstor},
  doi = {10.2307/2331368},
  urldate = {2023-02-01}
}

@article{Potters_2003,
  title = {More Statistical Properties of Order Books and Price Impact},
  author = {Potters, Marc and Bouchaud, Jean-Philippe and Bouchaud, Jean-Philippe and Bouchaud, Jean-Philippe},
  year = {2003},
  journal = {Physica A-statistical Mechanics and Its Applications},
  doi = {10.1016/s0378-4371(02)01896-4},
  mag_id = {3122247321},
  pmcid = {null},
  pmid = {null}
}

@misc{powerGrokkingGeneralizationOverfitting2022,
  title = {Grokking: Generalization beyond Overfitting on Small Algorithmic Datasets},
  author = {Power, Alethea and Burda, Yuri and Edwards, Harri and Babuschkin, Igor and Misra, Vedant},
  year = {2022},
  number = {arXiv:2201.02177},
  eprint = {2201.02177},
  publisher = {{arXiv}},
  urldate = {2023-03-05},
  archiveprefix = {arxiv}
}

@misc{pressImprovingTransformerModels2020,
  title = {Improving Transformer Models by Reordering Their Sublayers},
  author = {Press, Ofir and Smith, Noah A. and Levy, Omer},
  year = {2020},
  number = {arXiv:1911.03864},
  eprint = {1911.03864},
  publisher = {{arXiv}},
  urldate = {2023-01-10},
  archiveprefix = {arxiv}
}

@inproceedings{prokhorenkovaCatBoostUnbiasedBoosting2018,
  title = {{{CatBoost}}: Unbiased Boosting with Categorical Features},
  booktitle = {Proceedings of the 32nd {{International Conference}} on {{Neural Information Processing Systems}}},
  author = {Prokhorenkova, Liudmila and Gusev, Gleb and Vorobev, Aleksandr and Dorogush, Anna Veronika and Gulin, Andrey},
  year = {2018},
  series = {{{NeurIPS}} 2018},
  volume = {32},
  publisher = {{Curran Associates Inc.}},
  address = {{Red Hook, NY}}
}

@article{prollochsNegationScopeDetection2020,
  title = {Negation Scope Detection for Sentiment Analysis: A Reinforcement Learning Framework for Replicating Human Interpretations},
  author = {Pröllochs, Nicolas and Feuerriegel, Stefan and Lutz, Bernhard and Neumann, Dirk},
  year = {2020},
  journal = {Information Sciences},
  volume = {536},
  doi = {10.1016/j.ins.2020.05.022},
  urldate = {2023-05-01}
}

@article{provostTreeInductionProbabilityBased,
  title = {Tree Induction for Probability-Based Ranking},
  author = {Provost, Foster}
}

@misc{pulugundlaAttentionbasedNeuralBeamforming2021,
  title = {Attention-Based Neural Beamforming Layers for Multi-Channel Speech Recognition},
  author = {Pulugundla, Bhargav and Gao, Yang and King, Brian and Keskin, Gokce and Mallidi, Harish and Wu, Minhua and Droppo, Jasha and Maas, Roland},
  year = {2021},
  number = {arXiv:2105.05920},
  eprint = {2105.05920},
  publisher = {{arXiv}},
  urldate = {2023-01-16},
  archiveprefix = {arxiv}
}

@article{radfordImprovingLanguageUnderstanding,
  title = {Improving Language Understanding by Generative Pre-Training},
  author = {Radford, Alec and Narasimhan, Karthik and Salimans, Tim and Sutskever, Ilya}
}

@misc{raeScalingLanguageModels2022,
  title = {Scaling {{Language Models}}: {{Methods}}, {{Analysis}} \& {{Insights}} from {{Training Gopher}}},
  author = {Rae, Jack W. and Borgeaud, Sebastian and Cai, Trevor and Millican, Katie and Hoffmann, Jordan and Song, Francis and Aslanides, John and Henderson, Sarah and Ring, Roman and Young, Susannah and Rutherford, Eliza and Hennigan, Tom and Menick, Jacob and Cassirer, Albin and Powell, Richard and Driessche, George van den and Hendricks, Lisa Anne and Rauh, Maribeth and Huang, Po-Sen and Glaese, Amelia and Welbl, Johannes and Dathathri, Sumanth and Huang, Saffron and Uesato, Jonathan and Mellor, John and Higgins, Irina and Creswell, Antonia and McAleese, Nat and Wu, Amy and Elsen, Erich and Jayakumar, Siddhant and Buchatskaya, Elena and Budden, David and Sutherland, Esme and Simonyan, Karen and Paganini, Michela and Sifre, Laurent and Martens, Lena and Li, Xiang Lorraine and Kuncoro, Adhiguna and Nematzadeh, Aida and Gribovskaya, Elena and Donato, Domenic and Lazaridou, Angeliki and Mensch, Arthur and Lespiau, Jean-Baptiste and Tsimpoukelli, Maria and Grigorev, Nikolai and Fritz, Doug and Sottiaux, Thibault and Pajarskas, Mantas and Pohlen, Toby and Gong, Zhitao and Toyama, Daniel and {d'Autume}, Cyprien de Masson and Li, Yujia and Terzi, Tayfun and Mikulik, Vladimir and Babuschkin, Igor and Clark, Aidan and Casas, Diego de Las and Guy, Aurelia and Jones, Chris and Bradbury, James and Johnson, Matthew and Hechtman, Blake and Weidinger, Laura and Gabriel, Iason and Isaac, William and Lockhart, Ed and Osindero, Simon and Rimell, Laura and Dyer, Chris and Vinyals, Oriol and Ayoub, Kareem and Stanway, Jeff and Bennett, Lorrayne and Hassabis, Demis and Kavukcuoglu, Koray and Irving, Geoffrey},
  year = {2022},
  number = {arXiv:2112.11446},
  eprint = {2112.11446},
  publisher = {{arXiv}},
  urldate = {2023-06-17},
  archiveprefix = {arxiv}
}

@misc{raffelExploringLimitsTransfer2020,
  title = {Exploring the Limits of Transfer Learning with a Unified Text-to-Text Transformer},
  author = {Raffel, Colin and Shazeer, Noam and Roberts, Adam and Lee, Katherine and Narang, Sharan and Matena, Michael and Zhou, Yanqi and Li, Wei and Liu, Peter J.},
  year = {2020},
  number = {arXiv:1910.10683},
  eprint = {1910.10683},
  publisher = {{arXiv}},
  doi = {10.48550/arXiv.1910.10683},
  urldate = {2023-01-18},
  archiveprefix = {arxiv}
}

@article{raschkaIntroductionLatestTechniques2021,
  title = {An Introduction to the Latest Techniques},
  author = {Raschka, Sebastian},
  year = {2021}
}

@book{raschkaMachineLearningPyTorch2022,
  title = {Machine Learning with {{PyTorch}} and Scikit-Learn: Develop Machine Learning and Deep Learning Models with Python},
  author = {Raschka, Sebastian and Liu, Yuxi and Mirjalili, Vahid and Dzhulgakov, Dmytro},
  year = {2022},
  publisher = {{Packt Publishing}},
  address = {{Birmingham}}
}

@misc{raschkaModelEvaluationModel2020,
  title = {Model Evaluation, Model Selection, and Algorithm Selection in Machine Learning},
  author = {Raschka, Sebastian},
  year = {2020},
  number = {arXiv:1811.12808},
  eprint = {1811.12808},
  publisher = {{arXiv}},
  urldate = {2023-01-16},
  archiveprefix = {arxiv}
}

@article{raschkaRecentTrendsTechnologies2021,
  title = {Recent Trends, Technologies, and Challenges},
  author = {Raschka, Sebastian},
  year = {2021}
}

@misc{RecipeTrainingNeural,
  title = {A Recipe for Training Neural Networks},
  urldate = {2021-12-03},
  howpublished = {http://karpathy.github.io/2019/04/25/recipe/}
}

@article{ribeiroEnsembleApproachBased2020,
  title = {Ensemble Approach Based on Bagging, Boosting and Stacking for Short-Term Prediction in Agribusiness Time Series},
  author = {Ribeiro, Matheus Henrique Dal Molin and {dos Santos Coelho}, Leandro},
  year = {2020},
  journal = {Applied Soft Computing},
  volume = {86},
  doi = {10.1016/j.asoc.2019.105837}
}

@article{rogersPrimerBERTologyWhat2020,
  title = {A {{Primer}} in {{BERTology}}: {{What We Know About How BERT Works}}},
  author = {Rogers, Anna and Kovaleva, Olga and Rumshisky, Anna},
  year = {2020},
  journal = {Transactions of the Association for Computational Linguistics},
  volume = {8},
  doi = {10.1162/tacl_a_00349},
  urldate = {2023-06-17}
}

@article{ronenMachineLearningTrade2022,
  title = {Machine Learning and Trade Direction Classification: Insights from the Corporate Bond Market},
  author = {Ronen, Tavy and Fedenia, Mark A. and Nam, Seunghan},
  year = {2022},
  journal = {SSRN Electronic Journal},
  doi = {10.2139/ssrn.4213313}
}

@article{rosenthalModelingTradeDirection2012,
  title = {Modeling Trade Direction},
  author = {Rosenthal, D. W. R.},
  year = {2012},
  journal = {Journal of Financial Econometrics},
  volume = {10},
  number = {2},
  doi = {10.1093/jjfinec/nbr014}
}

@article{rossiMachineLearning,
  title = {Predicting Stock Market Returns with Machine Learning},
  author = {Rossi, Alberto},
  year = {2018},
  journal = {Unpublished Working Paper}
}

@book{rothmanTransformersNaturalLanguage2021,
  title = {Transformers for Natural Language Processing},
  author = {Rothman, Denis},
  year = {2021},
  publisher = {{Packt Publishing}},
  address = {{Birmingham}}
}

@misc{rozemberczkiShapleyValueMachine2022,
  title = {The Shapley Value in Machine Learning},
  author = {Rozemberczki, Benedek and Watson, Lauren and Bayer, Péter and Yang, Hao-Tsung and Kiss, Olivér and Nilsson, Sebastian and Sarkar, Rik},
  year = {2022},
  number = {arXiv:2202.05594},
  eprint = {2202.05594},
  publisher = {{arXiv}},
  urldate = {2022-10-27},
  archiveprefix = {arxiv}
}

@misc{rubachevRevisitingPretrainingObjectives2022,
  title = {Revisiting Pretraining Objectives for Tabular Deep Learning},
  author = {Rubachev, Ivan and Alekberov, Artem and Gorishniy, Yury and Babenko, Artem},
  year = {2022},
  number = {arXiv:2207.03208},
  eprint = {2207.03208},
  publisher = {{arXiv}},
  urldate = {2022-12-09},
  archiveprefix = {arxiv}
}

@article{rubinInferenceMissingData1976,
  title = {Inference and Missing Data},
  author = {Rubin, Donald B.},
  year = {1976},
  journal = {Biometrika},
  volume = {63},
  number = {3},
  doi = {10.1093/biomet/63.3.581},
  urldate = {2022-11-28}
}

@article{rubinsteinRelationBinomialTrinomial2000,
  title = {On the Relation between Binomial and Trinomial Option Pricing Models},
  author = {Rubinstein, Mark},
  year = {2000},
  journal = {The Journal of Derivatives},
  volume = {8},
  number = {2},
  doi = {10.3905/jod.2000.319149},
  urldate = {2021-07-04}
}

@article{sametFoundationsMultidimensionalMetric,
  title = {Foundations of Multidimensional and Metric Data Structures},
  author = {Samet, Hanan}
}

@book{sandersSequentialParallelAlgorithms2019,
  title = {Sequential and Parallel Algorithms and Data Structures: The Basic Toolbox},
  author = {Sanders, Peter and Mehlhorn, Kurt and Dietzfelbinger, Martin and Dementiev, Roman},
  year = {2019},
  publisher = {{Springer International Publishing}},
  address = {{Cham}},
  doi = {10.1007/978-3-030-25209-0},
  urldate = {2020-10-31}
}

@article{sarkarMarketSidednessInsights2023,
  title = {Market Sidedness: Insights into Motives for Trade Initiation},
  author = {Sarkar, Asani and Schwartz, Robert A},
  year = {2023}
}

@article{savickasInferringDirectionOption2003,
  title = {On Inferring the Direction of Option Trades},
  author = {Savickas, Robert and Wilson, Arthur J},
  year = {2003},
  journal = {Journal of Financial and Quantitative Analysis},
  volume = {38},
  doi = {10.2307/4126747}
}

@article{schaferRecommenderSystemsEcommerce1999,
  title = {Recommender Systems in {{E-commerce}}},
  author = {Schafer, J Ben and Konstan, Joseph and Riedl, John},
  year = {1999},
  doi = {10.1145/336992.337035}
}

@article{schapireBoostingMarginNew1998,
  title = {Boosting the Margin: A New Explanation for the Effectiveness of Voting Methods},
  author = {Schapire, Robert E. and Bartlett, Peter and Freund, Yoav and Lee, Wee Sun},
  year = {1998},
  journal = {The Annals of Statistics},
  volume = {26},
  number = {5},
  doi = {10.1214/aos/1024691352}
}

@article{schapireStrengthWeakLearnability1990,
  title = {The Strength of Weak Learnability},
  author = {Schapire, Robert E.},
  year = {1990},
  journal = {Machine Learning},
  volume = {5},
  number = {2},
  doi = {10.1007/BF00116037},
  urldate = {2022-12-14}
}

@article{shahriariTakingHumanOut2016,
  title = {Taking the Human out of the Loop: A Review of Bayesian Optimization},
  author = {Shahriari, Bobak and Swersky, Kevin and Wang, Ziyu and Adams, Ryan P. and {de Freitas}, Nando},
  year = {2016},
  journal = {Proceedings of the IEEE},
  volume = {104},
  number = {1},
  doi = {10.1109/JPROC.2015.2494218}
}

@article{shallueMeasuringEffectsData,
  title = {Measuring the Effects of Data Parallelism on Neural Network Training},
  author = {Shallue, Christopher J and Lee, Jaehoon and Antognini, Joseph and {Sohl-Dickstein}, Jascha and Frostig, Roy and Dahl, George E}
}

@article{shaniEvaluatingRecommendationSystems,
  title = {Evaluating Recommendation Systems},
  author = {Shani, Guy and Gunawardana, Asela},
  doi = {10.1007/978-0-387-85820-3_8}
}

@inproceedings{shavittRegularizationLearningNetworks2018,
  title = {Regularization Learning Networks: Deep Learning for Tabular Datasets},
  booktitle = {32nd {{Conference}} on {{Neural Information Processing Systems}}},
  author = {Shavitt, Ira and Segal, Eran},
  year = {2018},
  address = {{Montréal}}
}

@misc{shazeerAdafactorAdaptiveLearning2018,
  title = {Adafactor: Adaptive Learning Rates with Sublinear Memory Cost},
  author = {Shazeer, Noam and Stern, Mitchell},
  year = {2018},
  number = {arXiv:1804.04235},
  eprint = {1804.04235},
  publisher = {{arXiv}},
  urldate = {2023-01-19},
  archiveprefix = {arxiv}
}

@misc{shazeerGLUVariantsImprove2020,
  title = {{{GLU}} Variants Improve Transformer},
  author = {Shazeer, Noam},
  year = {2020},
  number = {arXiv:2002.05202},
  eprint = {2002.05202},
  publisher = {{arXiv}},
  archiveprefix = {arxiv}
}

@article{shiQuantizedTrainingGradient,
  title = {Quantized Training of Gradient Boosting Decision Trees},
  author = {Shi, Yu and Ke, Guolin and Chen, Zhuoming and Zheng, Shuxin and Liu, Tie-Yan}
}

@article{shumwayDelistingBiasCRSP1997,
  title = {The Delisting Bias in {{CRSP}} Data},
  author = {Shumway, Tyler},
  year = {1997},
  journal = {The Journal of Finance},
  volume = {52},
  number = {1},
  doi = {10.1111/j.1540-6261.1997.tb03818.x},
  urldate = {2021-10-29}
}

@misc{shwartz-zivTabularDataDeep2021,
  title = {Tabular Data: Deep Learning Is Not All You Need},
  author = {{Shwartz-Ziv}, Ravid and Armon, Amitai},
  year = {2021},
  number = {arXiv:2106.03253},
  eprint = {2106.03253},
  publisher = {{arXiv}},
  urldate = {2022-10-05},
  archiveprefix = {arxiv}
}

@inproceedings{smiejaProcessingMissingData2018,
  title = {Processing of Missing Data by Neural Networks},
  booktitle = {Advances in {{Neural Information Processing Systems}}},
  author = {Śmieja, Marek and Struski, Łukasz and Tabor, Jacek and Zieliński, Bartosz and Spurek, Przemysław},
  year = {2018},
  volume = {31},
  publisher = {{Curran Associates, Inc.}},
  urldate = {2022-11-28}
}

@misc{smilkovSmoothGradRemovingNoise2017,
  title = {{{SmoothGrad}}: Removing Noise by Adding Noise},
  author = {Smilkov, Daniel and Thorat, Nikhil and Kim, Been and Viégas, Fernanda and Wattenberg, Martin},
  year = {2017},
  number = {arXiv:1706.03825},
  eprint = {1706.03825},
  publisher = {{arXiv}},
  doi = {10.48550/arXiv.1706.03825},
  urldate = {2022-12-17},
  archiveprefix = {arxiv}
}

@misc{smithAperiodicMonotile2023,
  title = {An Aperiodic Monotile},
  author = {Smith, David and Myers, Joseph Samuel and Kaplan, Craig S. and {Goodman-Strauss}, Chaim},
  year = {2023},
  number = {arXiv:2303.10798},
  eprint = {2303.10798},
  publisher = {{arXiv}},
  urldate = {2023-05-15},
  archiveprefix = {arxiv}
}

@misc{smithCyclicalLearningRates2017,
  title = {Cyclical Learning Rates for Training Neural Networks},
  author = {Smith, Leslie N.},
  year = {2017},
  number = {arXiv:1506.01186},
  eprint = {1506.01186},
  publisher = {{arXiv}},
  archiveprefix = {arxiv}
}

@misc{smithDonDecayLearning2018,
  title = {Don't Decay the Learning Rate, Increase the Batch Size},
  author = {Smith, Samuel L. and Kindermans, Pieter-Jan and Ying, Chris and Le, Quoc V.},
  year = {2018},
  number = {arXiv:1711.00489},
  eprint = {1711.00489},
  publisher = {{arXiv}},
  urldate = {2022-12-20},
  archiveprefix = {arxiv}
}

@inproceedings{snoekPracticalBayesianOptimization2012,
  title = {Practical Bayesian Optimization of Machine Learning Algorithms},
  booktitle = {Advances in {{Neural Information Processing Systems}}},
  author = {Snoek, Jasper and Larochelle, Hugo and Adams, Ryan P},
  year = {2012},
  volume = {25},
  publisher = {{Curran Associates, Inc.}},
  urldate = {2022-11-01}
}

@misc{somepalliSaintImprovedNeural2021,
  title = {Saint: Improved Neural Networks for Tabular Data via Row Attention and Contrastive Pre-Training},
  author = {Somepalli, Gowthami and Goldblum, Micah and Schwarzschild, Avi and Bruss, C. Bayan and Goldstein, Tom},
  year = {2021},
  number = {arXiv:2106.01342},
  eprint = {2106.01342},
  urldate = {2022-10-04},
  archiveprefix = {arxiv}
}

@inproceedings{songAutoIntAutomaticFeature2019,
  title = {{{AutoInt}}: Automatic Feature Interaction Learning via Self-Attentive Neural Networks},
  booktitle = {Proceedings of the 28th {{ACM International Conference}} on {{Information}} and {{Knowledge Management}}},
  author = {Song, Weiping and Shi, Chence and Xiao, Zhiping and Duan, Zhijian and Xu, Yewen and Zhang, Ming and Tang, Jian},
  year = {2019},
  eprint = {1810.11921},
  doi = {10.1145/3357384.3357925},
  urldate = {2023-01-25},
  archiveprefix = {arxiv}
}

@misc{SparseAutoencodersUsing2020,
  title = {Sparse Autoencoders Using L1 Regularization with {{PyTorch}}},
  year = {2020},
  journal = {DebuggerCafe},
  urldate = {2021-11-15}
}

@article{srivastavaDropoutSimpleWay,
  title = {Dropout: A Simple Way to Prevent Neural Networks from Overfitting},
  author = {Srivastava, Nitish and Hinton, Geoffrey and Krizhevsky, Alex and Sutskever, Ilya and Salakhutdinov, Ruslan},
  year = {2014},
  journal = {Journal of Machine Learning Research},
  volume = {15},
  number = {56}
}

@misc{statquestwithjoshstarmerGradientBoostPart2019,
  title = {Gradient Boost Part 2 (of 4): Regression Details},
  author = {{StatQuest with Josh Starmer}},
  year = {2019},
  urldate = {2021-12-25}
}

@book{stewartCalculusEarlyTranscendentals2016,
  title = {Calculus: Early Transcendentals},
  author = {Stewart, James},
  year = {2016},
  edition = {Eighth edition},
  publisher = {{Cengage Learning}},
  address = {{Boston, MA, USA}}
}

@book{strangIntroductionLinearAlgebra2016,
  title = {Introduction to Linear Algebra},
  author = {Strang, Gilbert},
  year = {2016},
  edition = {5th edition},
  publisher = {{Cambridge press}},
  address = {{Wellesley}}
}

@article{stroblConditionalVariableImportance2008,
  title = {Conditional Variable Importance for Random Forests},
  author = {Strobl, Carolin and Boulesteix, Anne-Laure and Kneib, Thomas and Augustin, Thomas and Zeileis, Achim},
  year = {2008},
  journal = {BMC Bioinformatics},
  volume = {9},
  number = {1},
  doi = {10.1186/1471-2105-9-307},
  urldate = {2023-04-11}
}

@article{stutzUnderstandingImprovingRobustness,
  title = {Understanding and Improving Robustness and Uncertainty Estimation in Deep Learning},
  author = {Stutz, David}
}

@misc{sukhbaatarAugmentingSelfattentionPersistent2019,
  title = {Augmenting Self-Attention with Persistent Memory},
  author = {Sukhbaatar, Sainbayar and Grave, Edouard and Lample, Guillaume and Jegou, Herve and Joulin, Armand},
  year = {2019},
  number = {arXiv:1907.01470},
  eprint = {1907.01470},
  publisher = {{arXiv}},
  urldate = {2023-01-17},
  archiveprefix = {arxiv}
}

@incollection{sunAdaBoostLSTMEnsembleLearning2018,
  title = {{{AdaBoost-LSTM}} Ensemble Learning for Financial Time Series Forecasting},
  booktitle = {Computational {{Science}} – {{ICCS}} 2018},
  author = {Sun, Shaolong and Wei, Yunjie and Wang, Shouyang},
  editor = {Shi, Yong and Fu, Haohuan and Tian, Yingjie and Krzhizhanovskaya, Valeria V. and Lees, Michael Harold and Dongarra, Jack and Sloot, Peter M. A.},
  year = {2018},
  volume = {10862},
  publisher = {{Springer International Publishing}},
  address = {{Cham}},
  doi = {10.1007/978-3-319-93713-7_55}
}

@misc{suRoFormerEnhancedTransformer2022,
  title = {{{RoFormer}}: Enhanced Transformer with Rotary Position Embedding},
  author = {Su, Jianlin and Lu, Yu and Pan, Shengfeng and Murtadha, Ahmed and Wen, Bo and Liu, Yunfeng},
  year = {2022},
  number = {arXiv:2104.09864},
  eprint = {2104.09864},
  publisher = {{arXiv}},
  urldate = {2023-04-14},
  archiveprefix = {arxiv}
}

@misc{sutskeverSequenceSequenceLearning2014,
  title = {Sequence to Sequence Learning with Neural Networks},
  author = {Sutskever, Ilya and Vinyals, Oriol and Le, Quoc V.},
  year = {2014},
  number = {arXiv:1409.3215},
  eprint = {1409.3215},
  publisher = {{arXiv}},
  doi = {10.48550/arXiv.1409.3215},
  urldate = {2023-01-30},
  archiveprefix = {arxiv}
}

@inproceedings{szegedyRethinkingInceptionArchitecture2016,
  title = {Rethinking the {{Inception Architecture}} for {{Computer Vision}}},
  booktitle = {2016 {{IEEE Conference}} on {{Computer Vision}} and {{Pattern Recognition}} ({{CVPR}})},
  author = {Szegedy, Christian and Vanhoucke, Vincent and Ioffe, Sergey and Shlens, Jon and Wojna, Zbigniew},
  year = {2016},
  publisher = {{IEEE}},
  address = {{Las Vegas, NV, USA}},
  doi = {10.1109/CVPR.2016.308},
  urldate = {2023-05-07}
}

@misc{takaseLayerNormalizationsResidual2022,
  title = {On Layer Normalizations and Residual Connections in Transformers},
  author = {Takase, Sho and Kiyono, Shun and Kobayashi, Sosuke and Suzuki, Jun},
  year = {2022},
  number = {arXiv:2206.00330},
  eprint = {2206.00330},
  publisher = {{arXiv}},
  urldate = {2023-01-19},
  archiveprefix = {arxiv}
}

@inproceedings{tangAnalysisAttentionMechanisms2018,
  title = {An Analysis of Attention Mechanisms: The Case of Word Sense Disambiguation in Neural Machine Translation},
  booktitle = {Proceedings of the {{Third Conference}} on {{Machine Translation}}: {{Research Papers}}},
  author = {Tang, Gongbo and Sennrich, Rico and Nivre, Joakim},
  year = {2018},
  publisher = {{Association for Computational Linguistics}},
  address = {{Brussels, Belgium}},
  doi = {10.18653/v1/W18-6304},
  urldate = {2023-01-04}
}

@article{tanhaSemisupervisedSelftrainingDecision2017,
  title = {Semi-Supervised Self-Training for Decision Tree Classifiers},
  author = {Tanha, Jafar and {van Someren}, Maarten and Afsarmanesh, Hamideh},
  year = {2017},
  journal = {International Journal of Machine Learning and Cybernetics},
  volume = {8},
  number = {1},
  doi = {10.1007/s13042-015-0328-7}
}

@misc{tayEfficientTransformersSurvey2022,
  title = {Efficient Transformers: A Survey},
  author = {Tay, Yi and Dehghani, Mostafa and Bahri, Dara and Metzler, Donald},
  year = {2022},
  number = {arXiv:2009.06732},
  eprint = {2009.06732},
  publisher = {{arXiv}},
  urldate = {2022-12-05},
  archiveprefix = {arxiv}
}

@misc{taylorGalacticaLargeLanguage2022,
  title = {Galactica: A Large Language Model for Science},
  author = {Taylor, Ross and Kardas, Marcin and Cucurull, Guillem and Scialom, Thomas and Hartshorn, Anthony and Saravia, Elvis and Poulton, Andrew and Kerkez, Viktor and Stojnic, Robert},
  year = {2022},
  number = {arXiv:2211.09085},
  eprint = {2211.09085},
  publisher = {{arXiv}},
  urldate = {2023-05-03},
  archiveprefix = {arxiv}
}

@inproceedings{tenneyBERTRediscoversClassical2019,
  title = {{{BERT}} Rediscovers the Classical {{NLP}} Pipeline},
  booktitle = {Proceedings of the 57th {{Annual Meeting}} of the {{Association}} for {{Computational Linguistics}}},
  author = {Tenney, Ian and Das, Dipanjan and Pavlick, Ellie},
  year = {2019},
  publisher = {{Association for Computational Linguistics}},
  address = {{Florence, Italy}},
  doi = {10.18653/v1/P19-1452},
  urldate = {2023-01-29}
}

@article{theissenTestAccuracyLee2000,
  title = {A Test of the Accuracy of the Lee/Ready Trade Classification Algorithm},
  author = {Theissen, Erik},
  year = {2000},
  journal = {Journal of International Financial Markets, Institutions and Money},
  volume = {11}
}

@misc{thoppilanLaMDALanguageModels2022,
  title = {{{LaMDA}}: Language Models for Dialog Applications},
  author = {Thoppilan, Romal and De Freitas, Daniel and Hall, Jamie and Shazeer, Noam and Kulshreshtha, Apoorv and Cheng, Heng-Tze and Jin, Alicia and Bos, Taylor and Baker, Leslie and Du, Yu and Li, YaGuang and Lee, Hongrae and Zheng, Huaixiu Steven and Ghafouri, Amin and Menegali, Marcelo and Huang, Yanping and Krikun, Maxim and Lepikhin, Dmitry and Qin, James and Chen, Dehao and Xu, Yuanzhong and Chen, Zhifeng and Roberts, Adam and Bosma, Maarten and Zhao, Vincent and Zhou, Yanqi and Chang, Chung-Ching and Krivokon, Igor and Rusch, Will and Pickett, Marc and Srinivasan, Pranesh and Man, Laichee and {Meier-Hellstern}, Kathleen and Morris, Meredith Ringel and Doshi, Tulsee and Santos, Renelito Delos and Duke, Toju and Soraker, Johnny and Zevenbergen, Ben and Prabhakaran, Vinodkumar and Diaz, Mark and Hutchinson, Ben and Olson, Kristen and Molina, Alejandra and {Hoffman-John}, Erin and Lee, Josh and Aroyo, Lora and Rajakumar, Ravi and Butryna, Alena and Lamm, Matthew and Kuzmina, Viktoriya and Fenton, Joe and Cohen, Aaron and Bernstein, Rachel and Kurzweil, Ray and {Aguera-Arcas}, Blaise and Cui, Claire and Croak, Marian and Chi, Ed and Le, Quoc},
  year = {2022},
  number = {arXiv:2201.08239},
  eprint = {2201.08239},
  publisher = {{arXiv}},
  urldate = {2023-01-31},
  archiveprefix = {arxiv}
}

@article{tobekDoesSourceFundamental,
  title = {Does the Source of Fundamental Data Matter?},
  author = {Tobek, Ondrej and Hronec, Martin},
  doi = {10.2139/ssrn.3150654}
}

@misc{touvronLLaMAOpenEfficient2023,
  title = {{{LLaMA}}: Open and Efficient Foundation Language Models},
  author = {Touvron, Hugo and Lavril, Thibaut and Izacard, Gautier and Martinet, Xavier and Lachaux, Marie-Anne and Lacroix, Timothée and Rozière, Baptiste and Goyal, Naman and Hambro, Eric and Azhar, Faisal and Rodriguez, Aurelien and Joulin, Armand and Grave, Edouard and Lample, Guillaume},
  year = {2023},
  number = {arXiv:2302.13971},
  eprint = {2302.13971},
  publisher = {{arXiv}},
  urldate = {2023-04-29},
  archiveprefix = {arxiv}
}

@misc{TransformerArchitecturePositional,
  title = {Transformer Architecture: The Positional Encoding - Amirhossein Kazemnejad's Blog},
  urldate = {2021-12-28},
  howpublished = {https://kazemnejad.com/blog/transformer\_architecture\_positional\_encoding/}
}

@misc{TransformersLucasBeyer,
  title = {Transformers with Lucas Beyer, Google Brain - {{YouTube}}},
  urldate = {2022-10-27},
  howpublished = {https://www.youtube.com/watch?v=EixI6t5oif0}
}

@article{tsaiPredictingStockReturns2011,
  title = {Predicting Stock Returns by Classifier Ensembles},
  author = {Tsai, Chih-Fong and Lin, Yuah-Chiao and Yen, David C. and Chen, Yan-Min},
  year = {2011},
  journal = {Applied Soft Computing},
  volume = {11},
  number = {2},
  doi = {10.1016/j.asoc.2010.10.001}
}

@misc{tuningplaybookgithub,
  title = {Deep {{Learning Tuning Playbook}}},
  author = {Godbole, Varun and Dahl, George E. and Gilmer, Justin and Shallue, Christopher J. and Nado, Zachary},
  year = {2023},
  urldate = {2023-06-01},
  howpublished = {http://github.com/google-research/tuning\_playbook}
}

@article{tunstallNaturalLanguageProcessing2022,
  title = {Natural Language Processing with Transformers},
  author = {Tunstall, Lewis},
  year = {2022}
}

@misc{turnerBayesianOptimizationSuperior2021,
  title = {Bayesian Optimization Is Superior to Random Search for Machine Learning Hyperparameter Tuning: Analysis of the Black-Box Optimization Challenge 2020},
  author = {Turner, Ryan and Eriksson, David and McCourt, Michael and Kiili, Juha and Laaksonen, Eero and Xu, Zhen and Guyon, Isabelle},
  year = {2021},
  number = {arXiv:2104.10201},
  eprint = {2104.10201},
  publisher = {{arXiv}},
  archiveprefix = {arxiv}
}

@article{twalaGoodMethodsCoping2008,
  title = {Good Methods for Coping with Missing Data in Decision Trees},
  author = {Twala, B.E.T.H. and Jones, M.C. and Hand, D.J.},
  year = {2008},
  journal = {Pattern Recognition Letters},
  volume = {29},
  number = {7},
  doi = {10.1016/j.patrec.2008.01.010}
}

@inproceedings{ucarSubTabSubsettingFeatures2021,
  title = {{{SubTab}}: Subsetting Features of Tabular Data for Self-Supervised Representation Learning},
  booktitle = {Advances in {{Neural Information Processing Systems}}},
  author = {Ucar, Talip and Hajiramezanali, Ehsan and Edwards, Lindsay},
  year = {2021},
  volume = {34},
  publisher = {{Curran Associates, Inc.}},
  urldate = {2022-10-27}
}

@article{universityoftechnologysydneyaustraliaLiquidityMotivatedAlgorithm2008,
  title = {A Liquidity Motivated Algorithm for Discerning Trade Direction},
  author = {{University of Technology Sydney, Australia} and Hasan, David and Prather, Laurie and {Bond University, Australia}},
  year = {2008},
  journal = {Multinational Finance Journal},
  volume = {12},
  number = {1/2},
  doi = {10.17578/12-1/2-3},
  urldate = {2023-04-05}
}

@article{vandermaatenVisualizingDataUsing2008,
  title = {Visualizing Data Using T-{{SNE}}},
  author = {{van der Maaten}, Laurens and Hinton, Geoffrey},
  year = {2008},
  journal = {Journal of Machine Learning Research},
  volume = {9},
  number = {86}
}

@article{vanengelenSurveySemisupervisedLearning2020,
  title = {A Survey on Semi-Supervised Learning},
  author = {{van Engelen}, Jesper E. and Hoos, Holger H.},
  year = {2020},
  journal = {Machine Learning},
  volume = {109},
  number = {2},
  doi = {10.1007/s10994-019-05855-6}
}

@misc{vasuImprovedOneMillisecond2022,
  title = {An Improved One Millisecond Mobile Backbone},
  author = {Vasu, Pavan Kumar Anasosalu and Gabriel, James and Zhu, Jeff and Tuzel, Oncel and Ranjan, Anurag},
  year = {2022},
  number = {arXiv:2206.04040},
  eprint = {2206.04040},
  publisher = {{arXiv}},
  urldate = {2022-07-28},
  archiveprefix = {arxiv}
}

@inproceedings{vaswaniAttentionAllYou2017,
  title = {Attention Is All You Need},
  booktitle = {Proceedings of the 32nd {{International Conference}} on {{Neural Information Processing Systems}}},
  author = {Vaswani, Ashish and Shazeer, Noam and Parmar, Niki and Uszkoreit, Jakob and Jones, Llion and Gomez, Aidan N. and Kaiser, Łukasz and Polosukhin, Illia},
  year = {2017},
  series = {{{NeurIPS}} 2017},
  volume = {30},
  publisher = {{Curran Associates, Inc.}},
  address = {{Long Beach, CA}}
}

@inproceedings{verscheldeGPUAccelerationNewton2014,
  title = {{{GPU}} Acceleration of Newton's Method for Large Systems of Polynomial Equations in Double Double and Quad Double Arithmetic},
  booktitle = {2014 {{IEEE Intl Conf}} on {{High Performance Computing}} and {{Communications}}, 2014 {{IEEE}} 6th {{Intl Symp}} on {{Cyberspace Safety}} and {{Security}}, 2014 {{IEEE}} 11th {{Intl Conf}} on {{Embedded Software}} and {{Syst}} ({{HPCC}},{{CSS}},{{ICESS}})},
  author = {Verschelde, Jan and Yu, Xiangcheng},
  year = {2014},
  publisher = {{IEEE}},
  address = {{Paris, France}},
  doi = {10.1109/HPCC.2014.31},
  urldate = {2021-04-18}
}

@inproceedings{vigInvestigatingGenderBias2020,
  title = {Investigating Gender Bias in Language Models Using Causal Mediation Analysis},
  booktitle = {Advances in {{Neural Information Processing Systems}}},
  author = {Vig, Jesse and Gehrmann, Sebastian and Belinkov, Yonatan and Qian, Sharon and Nevo, Daniel and Singer, Yaron and Shieber, Stuart},
  year = {2020},
  volume = {33},
  publisher = {{Curran Associates, Inc.}},
  urldate = {2023-01-29}
}

@article{Vijh_1990,
  title = {Liquidity of the {{CBOE}} Equity Options},
  author = {Vijh, Anand M.},
  year = {1990},
  journal = {Journal of Finance},
  doi = {10.1111/j.1540-6261.1990.tb02431.x},
  mag_id = {1979846182},
  pmcid = {null},
  pmid = {null}
}

@article{vijhStockClosingPrice2020,
  title = {Stock Closing Price Prediction Using Machine Learning Techniques},
  author = {Vijh, Mehar and Chandola, Deeksha and Tikkiwal, Vinay Anand and Kumar, Arun},
  year = {2020},
  journal = {Procedia Computer Science},
  volume = {167},
  doi = {10.1016/j.procs.2020.03.326},
  urldate = {2022-07-12}
}

@inproceedings{voitaAnalyzingMultiHeadSelfAttention2019,
  title = {Analyzing Multi-Head Self-Attention: Specialized Heads Do the Heavy Lifting, the Rest Can Be Pruned},
  booktitle = {Proceedings of the 57th {{Annual Meeting}} of the {{Association}} for {{Computational Linguistics}}},
  author = {Voita, Elena and Talbot, David and Moiseev, Fedor and Sennrich, Rico and Titov, Ivan},
  year = {2019},
  publisher = {{Association for Computational Linguistics}},
  address = {{Florence}},
  doi = {10.18653/v1/P19-1580}
}

@article{wangAttentionbasedTransactionalContext,
  title = {Attention-Based Transactional Context Embedding for next-Item Recommendation},
  author = {Wang, Shoujin and Hu, Liang and Cao, Longbing and Huang, Xiaoshui and Lian, Defu and Liu, Wei},
  doi = {10.1609/aaai.v32i1.11851}
}

@article{wangForecastingMethodStock2020,
  title = {Forecasting Method of Stock Market Volatility in Time Series Data Based on Mixed Model of {{ARIMA}} and Xgboost},
  author = {Wang, Yan and Guo, Yuankai},
  year = {2020},
  journal = {China Communications},
  volume = {17},
  number = {3},
  doi = {10.23919/JCC.2020.03.017},
  urldate = {2022-07-12}
}

@inproceedings{wangLearningDeepTransformer2019,
  title = {Learning Deep Transformer Models for Machine Translation},
  booktitle = {Proceedings of the 57th {{Annual Meeting}} of the {{Association}} for {{Computational Linguistics}}},
  author = {Wang, Qiang and Li, Bei and Xiao, Tong and Zhu, Jingbo and Li, Changliang and Wong, Derek F. and Chao, Lidia S.},
  year = {2019},
  publisher = {{Association for Computational Linguistics}},
  address = {{Florence, Italy}},
  doi = {10.18653/v1/P19-1176},
  urldate = {2023-01-14}
}

@misc{wangLinformerSelfattentionLinear2020,
  title = {Linformer: Self-Attention with Linear Complexity},
  author = {Wang, Sinong and Li, Belinda Z. and Khabsa, Madian and Fang, Han and Ma, Hao},
  year = {2020},
  number = {arXiv:2006.04768},
  eprint = {2006.04768},
  publisher = {{arXiv}},
  urldate = {2022-12-10},
  archiveprefix = {arxiv}
}

@incollection{wangPerceivingNextChoice2017,
  title = {Perceiving the next Choice with Comprehensive Transaction Embeddings for Online Recommendation},
  booktitle = {Machine {{Learning}} and {{Knowledge Discovery}} in {{Databases}}},
  author = {Wang, Shoujin and Hu, Liang and Cao, Longbing},
  editor = {Ceci, Michelangelo and Hollmén, Jaakko and Todorovski, Ljupčo and Vens, Celine and Džeroski, Sašo},
  year = {2017},
  volume = {10535},
  publisher = {{Springer International Publishing}},
  address = {{Cham}},
  doi = {10.1007/978-3-319-71246-8_18},
  urldate = {2021-05-04}
}

@article{wangSurveySessionbasedRecommender2020,
  title = {A Survey on Session-Based Recommender Systems},
  author = {Wang, Shoujin and Cao, Longbing and Wang, Yan and Sheng, Quan Z. and Orgun, Mehmet and Lian, Defu},
  year = {2020},
  journal = {arXiv:1902.04864 [cs]},
  eprint = {1902.04864},
  urldate = {2021-04-22},
  archiveprefix = {arxiv}
}

@article{wangTransTabLearningTransferable,
  title = {{{TransTab}}: Learning Transferable Tabular Transformers across Tables},
  author = {Wang, Zifeng and Sun, Jimeng}
}

@article{waszczukAssemblingInternationalEquity2014,
  title = {Assembling International Equity Datasets – Review of Studies on the Cross-Section of Returns},
  author = {Waszczuk, Antonina},
  year = {2014},
  journal = {Procedia Economics and Finance},
  volume = {15},
  doi = {10.1016/S2212-5671(14)00631-5},
  urldate = {2021-10-29}
}

@misc{weiTheoreticalAnalysisSelfTraining2022,
  title = {Theoretical Analysis of Self-Training with Deep Networks on Unlabeled Data},
  author = {Wei, Colin and Shen, Kendrick and Chen, Yining and Ma, Tengyu},
  year = {2022},
  number = {arXiv:2010.03622},
  eprint = {2010.03622},
  publisher = {{arXiv}},
  urldate = {2023-03-31},
  archiveprefix = {arxiv}
}

@article{welchComprehensiveLookEmpirical2008,
  title = {A Comprehensive Look at the Empirical Performance of Equity Premium Prediction},
  author = {Welch, Ivo and Goyal, Amit},
  year = {2008},
  journal = {Review of Financial Studies},
  volume = {21},
  number = {4},
  doi = {10.1093/rfs/hhm014}
}

@misc{wengLearningNotEnough2021,
  title = {Learning with Not Enough Data Part 1: Semi-Supervised Learning},
  author = {Weng, Lilian},
  year = {2021},
  urldate = {2022-10-13},
  chapter = {posts},
  howpublished = {https://lilianweng.github.io/posts/2021-12-05-semi-supervised/}
}

@misc{WhenMachinesTrade,
  title = {When Machines Trade on Corporate Disclosures: Using Text Analytics for Investment Strategies | Elsevier Enhanced Reader},
  doi = {10.1016/j.dss.2022.113892},
  urldate = {2023-05-01}
}

@misc{wiegreffeAttentionNotNot2019,
  title = {Attention Is Not Not Explanation},
  author = {Wiegreffe, Sarah and Pinter, Yuval},
  year = {2019},
  number = {arXiv:1908.04626},
  eprint = {1908.04626},
  publisher = {{arXiv}},
  urldate = {2023-01-08},
  archiveprefix = {arxiv}
}

@misc{wuMemorizingTransformers2022,
  title = {Memorizing Transformers},
  author = {Wu, Yuhuai and Rabe, Markus N. and Hutchins, DeLesley and Szegedy, Christian},
  year = {2022},
  number = {arXiv:2203.08913},
  eprint = {2203.08913},
  publisher = {{arXiv}},
  urldate = {2023-01-17},
  archiveprefix = {arxiv}
}

@misc{xiongLayerNormalizationTransformer2020,
  title = {On Layer Normalization in the Transformer Architecture},
  author = {Xiong, Ruibin and Yang, Yunchang and He, Di and Zheng, Kai and Zheng, Shuxin and Xing, Chen and Zhang, Huishuai and Lan, Yanyan and Wang, Liwei and Liu, Tie-Yan},
  year = {2020},
  number = {arXiv:2002.04745},
  eprint = {2002.04745},
  publisher = {{arXiv}},
  urldate = {2022-12-30},
  archiveprefix = {arxiv}
}

@article{yangStockPricePrediction2021,
  title = {Stock Price Prediction Based on Xgboost and {{LightGBM}}},
  author = {Yang, Yue and Wu, Yang and Wang, Peikun and Jiali, Xu},
  editor = {Wen, F. and Ziaei, S.M.},
  year = {2021},
  journal = {E3S Web of Conferences},
  volume = {275},
  doi = {10.1051/e3sconf/202127501040},
  urldate = {2022-07-12}
}

@inproceedings{yanMachineLearningStock2007,
  title = {Machine Learning for Stock Selection},
  booktitle = {Proceedings of the 13th {{ACM SIGKDD}} International Conference on {{Knowledge}} Discovery and Data Mining  - {{KDD}} '07},
  author = {Yan, Robert J. and Ling, Charles X.},
  year = {2007},
  publisher = {{ACM Press}},
  address = {{San Jose, California, USA}},
  doi = {10.1145/1281192.1281307},
  urldate = {2021-11-03}
}

@misc{yaoZeroQuantEfficientAffordable2022,
  title = {{{ZeroQuant}}: Efficient and Affordable Post-Training Quantization for Large-Scale Transformers},
  author = {Yao, Zhewei and Aminabadi, Reza Yazdani and Zhang, Minjia and Wu, Xiaoxia and Li, Conglong and He, Yuxiong},
  year = {2022},
  number = {arXiv:2206.01861},
  eprint = {2206.01861},
  publisher = {{arXiv}},
  doi = {10.48550/arXiv.2206.01861},
  urldate = {2022-11-23},
  archiveprefix = {arxiv}
}

@inproceedings{yarowskyUnsupervisedWordSense1995,
  title = {Unsupervised Word Sense Disambiguation Rivaling Supervised Methods},
  booktitle = {Proceedings of the 33rd Annual Meeting on {{Association}} for {{Computational Linguistics}}},
  author = {Yarowsky, David},
  year = {1995},
  publisher = {{Association for Computational Linguistics}},
  address = {{Cambridge, MA}},
  doi = {10.3115/981658.981684}
}

@inproceedings{yinTaBERTPretrainingJoint2020,
  title = {{{TaBERT}}: Pretraining for Joint Understanding of Textual and Tabular Data},
  booktitle = {Proceedings of the 58th {{Annual Meeting}} of the {{Association}} for {{Computational Linguistics}}},
  author = {Yin, Pengcheng and Neubig, Graham and Yih, Wen-tau and Riedel, Sebastian},
  year = {2020},
  publisher = {{Association for Computational Linguistics}},
  address = {{Online}},
  doi = {10.18653/v1/2020.acl-main.745},
  urldate = {2023-01-24}
}

@article{yiWhyNotUse2020,
  title = {Why Not to Use Zero Imputation? {{Correcting}} Sparsity Bias in Training Neural Networks},
  author = {Yi, Joonyoung and Lee, Juhyuk and Kim, Kwang Joon and Hwang, Sung Ju and Yang, Eunho},
  year = {2020}
}

@inproceedings{yoonVIMEExtendingSuccess2020,
  title = {Vime: Extending the Success of Self- and Semi-Supervised Learning to Tabular Domain},
  booktitle = {Proceedings of the 34th {{International Conference}} on {{Neural Information Processing Systems}}},
  author = {Yoon, Jinsung and Zhang, Yao and Jordon, James and {van der Schaar}, Mihaela},
  year = {2020},
  series = {{{NeurIPS}} 2020},
  volume = {34},
  publisher = {{Curran Associates, Inc.}},
  address = {{Red Hook, NY}}
}

@misc{zengAreTransformersEffective2022,
  title = {Are Transformers Effective for Time Series Forecasting?},
  author = {Zeng, Ailing and Chen, Muxi and Zhang, Lei and Xu, Qiang},
  year = {2022},
  number = {arXiv:2205.13504},
  eprint = {2205.13504},
  publisher = {{arXiv}},
  urldate = {2022-12-24},
  archiveprefix = {arxiv}
}

@article{zhaiDirectBoostingApproach,
  title = {A Direct Boosting Approach for Semi-Supervised Classification},
  author = {Zhai, Shaodan and Xia, Tian and Li, Zhongliang and Wang, Shaojun}
}

@article{zhangDiveDeepLearning2021,
  title = {Dive into Deep Learning},
  author = {Zhang, Aston and Lipton, Zachary C and Li, Mu and Smola, Alexander J},
  year = {2021},
  journal = {arXiv:2106.11342},
  eprint = {2106.11342},
  archiveprefix = {arxiv}
}

@article{zhangUptodateComparisonStateoftheart2017,
  title = {An Up-to-Date Comparison of State-of-the-Art Classification Algorithms},
  author = {Zhang, Chongsheng and Liu, Changchang and Zhang, Xiangliang and Almpanidis, George},
  year = {2017},
  journal = {Expert Systems with Applications},
  volume = {82},
  doi = {10.1016/j.eswa.2017.04.003},
  urldate = {2022-07-11}
}

@article{zhengFeatureEngineeringMachine,
  title = {Feature Engineering for Machine Learning},
  author = {Zheng, Alice and Casari, Amanda}
}

@misc{zhuClusteringStructureMicrostructure2021,
  title = {Clustering Structure of Microstructure Measures},
  author = {Zhu, Liao and Sun, Ningning and Wells, Martin T.},
  year = {2021},
  number = {arXiv:2107.02283},
  eprint = {2107.02283},
  publisher = {{arXiv}},
  archiveprefix = {arxiv}
}

@article{zhuSemiSupervisedLearningLiterature,
  title = {Semi-Supervised Learning Literature Survey},
  author = {Zhu, Xiaojin}
}

@inproceedings{zophRethinkingPretrainingSelftraining2020,
  title = {Rethinking Pre-Training and Self-Training},
  booktitle = {Advances in {{Neural Information Processing Systems}}},
  author = {Zoph, Barret and Ghiasi, Golnaz and Lin, Tsung-Yi and Cui, Yin and Liu, Hanxiao and Cubuk, Ekin Dogus and Le, Quoc},
  year = {2020},
  volume = {33},
  publisher = {{Curran Associates, Inc.}},
  urldate = {2023-03-26}
}

@inproceedings{zophRethinkingPretrainingSelftraining2020a,
  title = {Rethinking Pre-Training and Self-Training},
  booktitle = {Advances in {{Neural Information Processing Systems}}},
  author = {Zoph, Barret and Ghiasi, Golnaz and Lin, Tsung-Yi and Cui, Yin and Liu, Hanxiao and Cubuk, Ekin Dogus and Le, Quoc},
  year = {2020},
  volume = {33},
  publisher = {{Curran Associates, Inc.}},
  urldate = {2023-04-05}
}

@misc{zouStockMarketPrediction2022,
  title = {Stock Market Prediction via Deep Learning Techniques: A Survey},
  author = {Zou, Jinan and Zhao, Qingying and Jiao, Yang and Cao, Haiyao and Liu, Yanxi and Yan, Qingsen and Abbasnejad, Ehsan and Liu, Lingqiao and Shi, Javen Qinfeng},
  year = {2022},
  number = {arXiv:2212.12717},
  eprint = {2212.12717},
  publisher = {{arXiv}},
  urldate = {2022-12-29},
  archiveprefix = {arxiv}
}
