% Article
	@Article{Merton1973,
	 author     = {Robert C. Merton},
	 title      = {Theory of Rational Option Pricing},
	 year       = {1973},
	 journal    = {The Bell Journal of Economics and Management Science},
	 volume     = {4},
	 number     = {1},
	 pages      = {141--183},
	 doi        = {10.2307/3003143},
	}

% Working Paper
	@Unpublished{Hofmann2018,
	 author     = {Michael Hofmann and Marliese Uhrig-Homburg},
	 title      = {Volatility Noise},
     year       = {2018},
     note       = {Working Paper},
     doi        = {10.2139/ssrn.3130045},
    }

% Book
	@Book{Hull2017,
     author     = {John C. Hull},
     publisher  = {Prentice Hall},
     title      = {Options, Futures, and Other Derivatives},
     year       = {2017},
     address    = {Upper Saddle River, NJ},
     edition    = {10th},
     isbn       = {9789352866595},
    }   

% Internet source (Adapt  note to language)
    @Misc{Schwerdtfeger2013,
     author     = {Heike Schwerdtfeger},
     title      = {{Deutsche Bank - Gemeinsam zahlen}},
     year       = {2013},
     note       = {WirtschaftsWoche Online, \url{http://www.wiwo.de/finanzen/geldanlage/deutsche-bank-gemeinsam-zahlen/7820392.html}, zuletzt abgerufen am 01.09.2021}
    }

% Article in book
    @InCollection{Bookstaber1986,
     author     = {Richard Bookstaber and David P. Jacob and Joseph A. Langsam},
     title      = {The Arbitrage-Free Pricing of Options on Interest-Sensitive Instruments},
     year       = {1986},
     booktitle  = {Advances in Futures and Options Research},
     publisher  = {JAI Press},
     address    = {Greenwich, CT},
     editor     = {Frank J. Fabozzi},
     number     = {Part A},
     pages      = {14--35},
     volume     = {1},
}